,symbol,date,time,recv_time,prev_close,open,last_prc,volume,high_limited,low_limited,ask_prc1,bid_prc1,ask_vol1,bid_vol1,fill,index_Resource,Time,t_volume,outlier,middle,acc_weight_price,stop
0,000016.SH,20231201.0,92500000,92500181.0,2365.9962,0.0,2365.9963,0.0,0.0,0.0,0.0,0.0,0.0,0.0,0,self,92500000.0,0,0,0,0.0,0
1,000016.SH,20231201.0,92503000,92503185.0,2365.9962,0.0,2365.9963,0.0,0.0,0.0,0.0,0.0,0.0,0.0,0,self,92503000.0,0,0,0,0.0,0
2,000016.SH,20231201.0,92504000,92504225.0,2365.9962,0.0,2365.9963,0.0,0.0,0.0,0.0,0.0,0.0,0.0,0,self,92504000.0,0,0,0,0.0,0
3,000016.SH,20231201.0,92506000,92506181.0,2365.9962,2362.6263,2362.6263,11315400.0,0.0,0.0,0.0,0.0,0.0,0.0,0,self,92506000.0,0,0,0,0.0,0
4,000016.SH,20231201.0,92509000,92506181.0,2365.9962,2362.6263,2362.6263,11315400.0,0.0,0.0,0.0,0.0,0.0,0.0,1,3,92506000.0,0,0,0,0.0,0
5,000016.SH,20231201.0,92512000,92506181.0,2365.9962,2362.6263,2362.6263,11315400.0,0.0,0.0,0.0,0.0,0.0,0.0,1,3,92506000.0,0,0,0,0.0,0
6,000016.SH,20231201.0,92515000,92506181.0,2365.9962,2362.6263,2362.6263,11315400.0,0.0,0.0,0.0,0.0,0.0,0.0,1,3,92506000.0,0,0,0,0.0,0
7,000016.SH,20231201.0,92518000,92506181.0,2365.9962,2362.6263,2362.6263,11315400.0,0.0,0.0,0.0,0.0,0.0,0.0,1,3,92506000.0,0,0,0,0.0,0
8,000016.SH,20231201.0,92521000,92506181.0,2365.9962,2362.6263,2362.6263,11315400.0,0.0,0.0,0.0,0.0,0.0,0.0,1,3,92506000.0,0,0,0,0.0,0
9,000016.SH,20231201.0,92524000,92506181.0,2365.9962,2362.6263,2362.6263,11315400.0,0.0,0.0,0.0,0.0,0.0,0.0,1,3,92506000.0,0,0,0,0.0,0
10,000016.SH,20231201.0,92527000,92506181.0,2365.9962,2362.6263,2362.6263,11315400.0,0.0,0.0,0.0,0.0,0.0,0.0,1,3,92506000.0,0,0,0,0.0,0
11,000016.SH,20231201.0,92530000,92506181.0,2365.9962,2362.6263,2362.6263,11315400.0,0.0,0.0,0.0,0.0,0.0,0.0,1,3,92506000.0,0,0,0,0.0,0
12,000016.SH,20231201.0,92533000,92533588.0,2365.9962,2362.6263,2362.6263,11315400.0,0.0,0.0,0.0,0.0,0.0,0.0,0,self,92533000.0,0,0,0,0.0,0
13,000016.SH,20231201.0,92534000,92534231.0,2365.9962,2362.6263,2362.6263,11315400.0,0.0,0.0,0.0,0.0,0.0,0.0,0,self,92534000.0,0,0,0,0.0,0
14,000016.SH,20231201.0,92536000,92534231.0,2365.9962,2362.6263,2362.6263,11315400.0,0.0,0.0,0.0,0.0,0.0,0.0,1,13,92534000.0,0,0,0,0.0,0
15,000016.SH,20231201.0,92539000,92534231.0,2365.9962,2362.6263,2362.6263,11315400.0,0.0,0.0,0.0,0.0,0.0,0.0,1,13,92534000.0,0,0,0,0.0,0
16,000016.SH,20231201.0,92542000,92534231.0,2365.9962,2362.6263,2362.6263,11315400.0,0.0,0.0,0.0,0.0,0.0,0.0,1,13,92534000.0,0,0,0,0.0,0
17,000016.SH,20231201.0,92545000,92534231.0,2365.9962,2362.6263,2362.6263,11315400.0,0.0,0.0,0.0,0.0,0.0,0.0,1,13,92534000.0,0,0,0,0.0,0
18,000016.SH,20231201.0,92548000,92534231.0,2365.9962,2362.6263,2362.6263,11315400.0,0.0,0.0,0.0,0.0,0.0,0.0,1,13,92534000.0,0,0,0,0.0,0
19,000016.SH,20231201.0,92551000,92534231.0,2365.9962,2362.6263,2362.6263,11315400.0,0.0,0.0,0.0,0.0,0.0,0.0,1,13,92534000.0,0,0,0,0.0,0
20,000016.SH,20231201.0,92554000,92534231.0,2365.9962,2362.6263,2362.6263,11315400.0,0.0,0.0,0.0,0.0,0.0,0.0,1,13,92534000.0,0,0,0,0.0,0
21,000016.SH,20231201.0,92557000,92534231.0,2365.9962,2362.6263,2362.6263,11315400.0,0.0,0.0,0.0,0.0,0.0,0.0,1,13,92534000.0,0,0,0,0.0,0
22,000016.SH,20231201.0,92600000,92534231.0,2365.9962,2362.6263,2362.6263,11315400.0,0.0,0.0,0.0,0.0,0.0,0.0,1,13,92534000.0,0,0,0,0.0,0
23,000016.SH,20231201.0,92603000,92603180.0,2365.9962,2362.6263,2362.6263,11315400.0,0.0,0.0,0.0,0.0,0.0,0.0,0,self,92603000.0,0,0,0,0.0,0
24,000016.SH,20231201.0,92604000,92604235.0,2365.9962,2362.6263,2362.6263,11315400.0,0.0,0.0,0.0,0.0,0.0,0.0,0,self,92604000.0,0,0,0,0.0,0
25,000016.SH,20231201.0,92606000,92606171.0,2365.9962,2362.6263,2362.6263,11315400.0,0.0,0.0,0.0,0.0,0.0,0.0,0,self,92606000.0,0,0,0,0.0,0
26,000016.SH,20231201.0,92609000,92609171.0,2365.9962,2362.6263,2362.6263,11315400.0,0.0,0.0,0.0,0.0,0.0,0.0,0,self,92609000.0,0,0,0,0.0,0
27,000016.SH,20231201.0,92612000,92612168.0,2365.9962,2362.6263,2362.6263,11315400.0,0.0,0.0,0.0,0.0,0.0,0.0,0,self,92612000.0,0,0,0,0.0,0
28,000016.SH,20231201.0,92615000,92615170.0,2365.9962,2362.6263,2362.6263,11315400.0,0.0,0.0,0.0,0.0,0.0,0.0,0,self,92615000.0,0,0,0,0.0,0
29,000016.SH,20231201.0,92618000,92618177.0,2365.9962,2362.6263,2362.6263,11315400.0,0.0,0.0,0.0,0.0,0.0,0.0,0,self,92618000.0,0,0,0,0.0,0
30,000016.SH,20231201.0,92621000,92621172.0,2365.9962,2362.6263,2362.6263,11315400.0,0.0,0.0,0.0,0.0,0.0,0.0,0,self,92621000.0,0,0,0,0.0,0
31,000016.SH,20231201.0,92624000,92624172.0,2365.9962,2362.6263,2362.6263,11315400.0,0.0,0.0,0.0,0.0,0.0,0.0,0,self,92624000.0,0,0,0,0.0,0
32,000016.SH,20231201.0,92627000,92627171.0,2365.9962,2362.6263,2362.6263,11315400.0,0.0,0.0,0.0,0.0,0.0,0.0,0,self,92627000.0,0,0,0,0.0,0
33,000016.SH,20231201.0,92630000,92630169.0,2365.9962,2362.6263,2362.6263,11315400.0,0.0,0.0,0.0,0.0,0.0,0.0,0,self,92630000.0,0,0,0,0.0,0
34,000016.SH,20231201.0,92633000,92633175.0,2365.9962,2362.6263,2362.6263,11315400.0,0.0,0.0,0.0,0.0,0.0,0.0,0,self,92633000.0,0,0,0,0.0,0
35,000016.SH,20231201.0,92634000,92634237.0,2365.9962,2362.6263,2362.6263,11315400.0,0.0,0.0,0.0,0.0,0.0,0.0,0,self,92634000.0,0,0,0,0.0,0
36,000016.SH,20231201.0,92636000,92636171.0,2365.9962,2362.6263,2362.6263,11315400.0,0.0,0.0,0.0,0.0,0.0,0.0,0,self,92636000.0,0,0,0,0.0,0
37,000016.SH,20231201.0,92639000,92639183.0,2365.9962,2362.6263,2362.6263,11315400.0,0.0,0.0,0.0,0.0,0.0,0.0,0,self,92639000.0,0,0,0,0.0,0
38,000016.SH,20231201.0,92642000,92642180.0,2365.9962,2362.6263,2362.6263,11315400.0,0.0,0.0,0.0,0.0,0.0,0.0,0,self,92642000.0,0,0,0,0.0,0
39,000016.SH,20231201.0,92645000,92645175.0,2365.9962,2362.6263,2362.6263,11315400.0,0.0,0.0,0.0,0.0,0.0,0.0,0,self,92645000.0,0,0,0,0.0,0
40,000016.SH,20231201.0,92648000,92648183.0,2365.9962,2362.6263,2362.6263,11315400.0,0.0,0.0,0.0,0.0,0.0,0.0,0,self,92648000.0,0,0,0,0.0,0
41,000016.SH,20231201.0,92651000,92651179.0,2365.9962,2362.6263,2362.6263,11315400.0,0.0,0.0,0.0,0.0,0.0,0.0,0,self,92651000.0,0,0,0,0.0,0
42,000016.SH,20231201.0,92654000,92654178.0,2365.9962,2362.6263,2362.6263,11315400.0,0.0,0.0,0.0,0.0,0.0,0.0,0,self,92654000.0,0,0,0,0.0,0
43,000016.SH,20231201.0,92657000,92657172.0,2365.9962,2362.6263,2362.6263,11315400.0,0.0,0.0,0.0,0.0,0.0,0.0,0,self,92657000.0,0,0,0,0.0,0
44,000016.SH,20231201.0,92700000,92700176.0,2365.9962,2362.6263,2362.6263,11315400.0,0.0,0.0,0.0,0.0,0.0,0.0,0,self,92700000.0,0,0,0,0.0,0
45,000016.SH,20231201.0,92703000,92703171.0,2365.9962,2362.6263,2362.6263,11315400.0,0.0,0.0,0.0,0.0,0.0,0.0,0,self,92703000.0,0,0,0,0.0,0
46,000016.SH,20231201.0,92704000,92704232.0,2365.9962,2362.6263,2362.6263,11315400.0,0.0,0.0,0.0,0.0,0.0,0.0,0,self,92704000.0,0,0,0,0.0,0
47,000016.SH,20231201.0,92706000,92706171.0,2365.9962,2362.6263,2362.6263,11315400.0,0.0,0.0,0.0,0.0,0.0,0.0,0,self,92706000.0,0,0,0,0.0,0
48,000016.SH,20231201.0,92709000,92709177.0,2365.9962,2362.6263,2362.6263,11315400.0,0.0,0.0,0.0,0.0,0.0,0.0,0,self,92709000.0,0,0,0,0.0,0
49,000016.SH,20231201.0,92712000,92712176.0,2365.9962,2362.6263,2362.6263,11315400.0,0.0,0.0,0.0,0.0,0.0,0.0,0,self,92712000.0,0,0,0,0.0,0
50,000016.SH,20231201.0,92715000,92715193.0,2365.9962,2362.6263,2362.6263,11315400.0,0.0,0.0,0.0,0.0,0.0,0.0,0,self,92715000.0,0,0,0,0.0,0
51,000016.SH,20231201.0,92718000,92718176.0,2365.9962,2362.6263,2362.6263,11315400.0,0.0,0.0,0.0,0.0,0.0,0.0,0,self,92718000.0,0,0,0,0.0,0
52,000016.SH,20231201.0,92721000,92721189.0,2365.9962,2362.6263,2362.6263,11315400.0,0.0,0.0,0.0,0.0,0.0,0.0,0,self,92721000.0,0,0,0,0.0,0
53,000016.SH,20231201.0,92724000,92724177.0,2365.9962,2362.6263,2362.6263,11315400.0,0.0,0.0,0.0,0.0,0.0,0.0,0,self,92724000.0,0,0,0,0.0,0
54,000016.SH,20231201.0,92727000,92727187.0,2365.9962,2362.6263,2362.6263,11315400.0,0.0,0.0,0.0,0.0,0.0,0.0,0,self,92727000.0,0,0,0,0.0,0
55,000016.SH,20231201.0,92730000,92730189.0,2365.9962,2362.6263,2362.6263,11315400.0,0.0,0.0,0.0,0.0,0.0,0.0,0,self,92730000.0,0,0,0,0.0,0
56,000016.SH,20231201.0,92733000,92733188.0,2365.9962,2362.6263,2362.6263,11315400.0,0.0,0.0,0.0,0.0,0.0,0.0,0,self,92733000.0,0,0,0,0.0,0
57,000016.SH,20231201.0,92734000,92734239.0,2365.9962,2362.6263,2362.6263,11315400.0,0.0,0.0,0.0,0.0,0.0,0.0,0,self,92734000.0,0,0,0,0.0,0
58,000016.SH,20231201.0,92736000,92736175.0,2365.9962,2362.6263,2362.6263,11315400.0,0.0,0.0,0.0,0.0,0.0,0.0,0,self,92736000.0,0,0,0,0.0,0
59,000016.SH,20231201.0,92739000,92739178.0,2365.9962,2362.6263,2362.6263,11315400.0,0.0,0.0,0.0,0.0,0.0,0.0,0,self,92739000.0,0,0,0,0.0,0
60,000016.SH,20231201.0,92742000,92742180.0,2365.9962,2362.6263,2362.6263,11315400.0,0.0,0.0,0.0,0.0,0.0,0.0,0,self,92742000.0,0,0,0,0.0,0
61,000016.SH,20231201.0,92745000,92745177.0,2365.9962,2362.6263,2362.6263,11315400.0,0.0,0.0,0.0,0.0,0.0,0.0,0,self,92745000.0,0,0,0,0.0,0
62,000016.SH,20231201.0,92748000,92748178.0,2365.9962,2362.6263,2362.6263,11315400.0,0.0,0.0,0.0,0.0,0.0,0.0,0,self,92748000.0,0,0,0,0.0,0
63,000016.SH,20231201.0,92751000,92751180.0,2365.9962,2362.6263,2362.6263,11315400.0,0.0,0.0,0.0,0.0,0.0,0.0,0,self,92751000.0,0,0,0,0.0,0
64,000016.SH,20231201.0,92754000,92754175.0,2365.9962,2362.6263,2362.6263,11315400.0,0.0,0.0,0.0,0.0,0.0,0.0,0,self,92754000.0,0,0,0,0.0,0
65,000016.SH,20231201.0,92757000,92757179.0,2365.9962,2362.6263,2362.6263,11315400.0,0.0,0.0,0.0,0.0,0.0,0.0,0,self,92757000.0,0,0,0,0.0,0
66,000016.SH,20231201.0,92800000,92800176.0,2365.9962,2362.6263,2362.6263,11315400.0,0.0,0.0,0.0,0.0,0.0,0.0,0,self,92800000.0,0,0,0,0.0,0
67,000016.SH,20231201.0,92803000,92803180.0,2365.9962,2362.6263,2362.6263,11315400.0,0.0,0.0,0.0,0.0,0.0,0.0,0,self,92803000.0,0,0,0,0.0,0
68,000016.SH,20231201.0,92804000,92804234.0,2365.9962,2362.6263,2362.6263,11315400.0,0.0,0.0,0.0,0.0,0.0,0.0,0,self,92804000.0,0,0,0,0.0,0
69,000016.SH,20231201.0,92806000,92806170.0,2365.9962,2362.6263,2362.6263,11315400.0,0.0,0.0,0.0,0.0,0.0,0.0,0,self,92806000.0,0,0,0,0.0,0
70,000016.SH,20231201.0,92809000,92809170.0,2365.9962,2362.6263,2362.6263,11315400.0,0.0,0.0,0.0,0.0,0.0,0.0,0,self,92809000.0,0,0,0,0.0,0
71,000016.SH,20231201.0,92812000,92812170.0,2365.9962,2362.6263,2362.6263,11315400.0,0.0,0.0,0.0,0.0,0.0,0.0,0,self,92812000.0,0,0,0,0.0,0
72,000016.SH,20231201.0,92815000,92815168.0,2365.9962,2362.6263,2362.6263,11315400.0,0.0,0.0,0.0,0.0,0.0,0.0,0,self,92815000.0,0,0,0,0.0,0
73,000016.SH,20231201.0,92818000,92818169.0,2365.9962,2362.6263,2362.6263,11315400.0,0.0,0.0,0.0,0.0,0.0,0.0,0,self,92818000.0,0,0,0,0.0,0
74,000016.SH,20231201.0,92821000,92821170.0,2365.9962,2362.6263,2362.6263,11315400.0,0.0,0.0,0.0,0.0,0.0,0.0,0,self,92821000.0,0,0,0,0.0,0
75,000016.SH,20231201.0,92824000,92824174.0,2365.9962,2362.6263,2362.6263,11315400.0,0.0,0.0,0.0,0.0,0.0,0.0,0,self,92824000.0,0,0,0,0.0,0
76,000016.SH,20231201.0,92827000,92827169.0,2365.9962,2362.6263,2362.6263,11315400.0,0.0,0.0,0.0,0.0,0.0,0.0,0,self,92827000.0,0,0,0,0.0,0
77,000016.SH,20231201.0,92830000,92830168.0,2365.9962,2362.6263,2362.6263,11315400.0,0.0,0.0,0.0,0.0,0.0,0.0,0,self,92830000.0,0,0,0,0.0,0
78,000016.SH,20231201.0,92833000,92833168.0,2365.9962,2362.6263,2362.6263,11315400.0,0.0,0.0,0.0,0.0,0.0,0.0,0,self,92833000.0,0,0,0,0.0,0
79,000016.SH,20231201.0,92834000,92834235.0,2365.9962,2362.6263,2362.6263,11315400.0,0.0,0.0,0.0,0.0,0.0,0.0,0,self,92834000.0,0,0,0,0.0,0
80,000016.SH,20231201.0,92836000,92836169.0,2365.9962,2362.6263,2362.6263,11315400.0,0.0,0.0,0.0,0.0,0.0,0.0,0,self,92836000.0,0,0,0,0.0,0
81,000016.SH,20231201.0,92839000,92839170.0,2365.9962,2362.6263,2362.6263,11315400.0,0.0,0.0,0.0,0.0,0.0,0.0,0,self,92839000.0,0,0,0,0.0,0
82,000016.SH,20231201.0,92842000,92842181.0,2365.9962,2362.6263,2362.6263,11315400.0,0.0,0.0,0.0,0.0,0.0,0.0,0,self,92842000.0,0,0,0,0.0,0
83,000016.SH,20231201.0,92845000,92845169.0,2365.9962,2362.6263,2362.6263,11315400.0,0.0,0.0,0.0,0.0,0.0,0.0,0,self,92845000.0,0,0,0,0.0,0
84,000016.SH,20231201.0,92848000,92848175.0,2365.9962,2362.6263,2362.6263,11315400.0,0.0,0.0,0.0,0.0,0.0,0.0,0,self,92848000.0,0,0,0,0.0,0
85,000016.SH,20231201.0,92851000,92851170.0,2365.9962,2362.6263,2362.6263,11315400.0,0.0,0.0,0.0,0.0,0.0,0.0,0,self,92851000.0,0,0,0,0.0,0
86,000016.SH,20231201.0,92854000,92854176.0,2365.9962,2362.6263,2362.6263,11315400.0,0.0,0.0,0.0,0.0,0.0,0.0,0,self,92854000.0,0,0,0,0.0,0
87,000016.SH,20231201.0,92857000,92857164.0,2365.9962,2362.6263,2362.6263,11315400.0,0.0,0.0,0.0,0.0,0.0,0.0,0,self,92857000.0,0,0,0,0.0,0
88,000016.SH,20231201.0,92900000,92900168.0,2365.9962,2362.6263,2362.6263,11315400.0,0.0,0.0,0.0,0.0,0.0,0.0,0,self,92900000.0,0,0,0,0.0,0
89,000016.SH,20231201.0,92903000,92903169.0,2365.9962,2362.6263,2362.6263,11315400.0,0.0,0.0,0.0,0.0,0.0,0.0,0,self,92903000.0,0,0,0,0.0,0
90,000016.SH,20231201.0,92904000,92904237.0,2365.9962,2362.6263,2362.6263,11315400.0,0.0,0.0,0.0,0.0,0.0,0.0,0,self,92904000.0,0,0,0,0.0,0
91,000016.SH,20231201.0,92906000,92906171.0,2365.9962,2362.6263,2362.6263,11315400.0,0.0,0.0,0.0,0.0,0.0,0.0,0,self,92906000.0,0,0,0,0.0,0
92,000016.SH,20231201.0,92909000,92909171.0,2365.9962,2362.6263,2362.6263,11315400.0,0.0,0.0,0.0,0.0,0.0,0.0,0,self,92909000.0,0,0,0,0.0,0
93,000016.SH,20231201.0,92912000,92912169.0,2365.9962,2362.6263,2362.6263,11315400.0,0.0,0.0,0.0,0.0,0.0,0.0,0,self,92912000.0,0,0,0,0.0,0
94,000016.SH,20231201.0,92915000,92915169.0,2365.9962,2362.6263,2362.6263,11315400.0,0.0,0.0,0.0,0.0,0.0,0.0,0,self,92915000.0,0,0,0,0.0,0
95,000016.SH,20231201.0,92918000,92918170.0,2365.9962,2362.6263,2362.6263,11315400.0,0.0,0.0,0.0,0.0,0.0,0.0,0,self,92918000.0,0,0,0,0.0,0
96,000016.SH,20231201.0,92921000,92921172.0,2365.9962,2362.6263,2362.6263,11315400.0,0.0,0.0,0.0,0.0,0.0,0.0,0,self,92921000.0,0,0,0,0.0,0
97,000016.SH,20231201.0,92924000,92924177.0,2365.9962,2362.6263,2362.6263,11315400.0,0.0,0.0,0.0,0.0,0.0,0.0,0,self,92924000.0,0,0,0,0.0,0
98,000016.SH,20231201.0,92927000,92927172.0,2365.9962,2362.6263,2362.6263,11315400.0,0.0,0.0,0.0,0.0,0.0,0.0,0,self,92927000.0,0,0,0,0.0,0
99,000016.SH,20231201.0,92930000,92930179.0,2365.9962,2362.6263,2362.6263,11315400.0,0.0,0.0,0.0,0.0,0.0,0.0,0,self,92930000.0,0,0,0,0.0,0
100,000016.SH,20231201.0,92933000,92933169.0,2365.9962,2362.6263,2362.6263,11315400.0,0.0,0.0,0.0,0.0,0.0,0.0,0,self,92933000.0,0,0,0,0.0,0
101,000016.SH,20231201.0,92934000,92934231.0,2365.9962,2362.6263,2362.6263,11315400.0,0.0,0.0,0.0,0.0,0.0,0.0,0,self,92934000.0,0,0,0,0.0,0
102,000016.SH,20231201.0,92936000,92936173.0,2365.9962,2362.6263,2362.6263,11315400.0,0.0,0.0,0.0,0.0,0.0,0.0,0,self,92936000.0,0,0,0,0.0,0
103,000016.SH,20231201.0,92939000,92939177.0,2365.9962,2362.6263,2362.6263,11315400.0,0.0,0.0,0.0,0.0,0.0,0.0,0,self,92939000.0,0,0,0,0.0,0
104,000016.SH,20231201.0,92942000,92942187.0,2365.9962,2362.6263,2362.6263,11315400.0,0.0,0.0,0.0,0.0,0.0,0.0,0,self,92942000.0,0,0,0,0.0,0
105,000016.SH,20231201.0,92945000,92945172.0,2365.9962,2362.6263,2362.6263,11315400.0,0.0,0.0,0.0,0.0,0.0,0.0,0,self,92945000.0,0,0,0,0.0,0
106,000016.SH,20231201.0,92948000,92948171.0,2365.9962,2362.6263,2362.6263,11315400.0,0.0,0.0,0.0,0.0,0.0,0.0,0,self,92948000.0,0,0,0,0.0,0
107,000016.SH,20231201.0,92951000,92951172.0,2365.9962,2362.6263,2362.6263,11315400.0,0.0,0.0,0.0,0.0,0.0,0.0,0,self,92951000.0,0,0,0,0.0,0
108,000016.SH,20231201.0,92954000,92954172.0,2365.9962,2362.6263,2362.6263,11315400.0,0.0,0.0,0.0,0.0,0.0,0.0,0,self,92954000.0,0,0,0,0.0,0
109,000016.SH,20231201.0,92957000,92957171.0,2365.9962,2362.6263,2362.6263,11315400.0,0.0,0.0,0.0,0.0,0.0,0.0,0,self,92957000.0,0,0,0,0.0,0
110,000016.SH,20231201.0,93000000,93000192.0,2365.9962,2362.6263,2362.6263,11315400.0,0.0,0.0,0.0,0.0,0.0,0.0,0,self,93000000.0,11315400,0,2362.6263,2362.63,0
111,000016.SH,20231201.0,93003000,93003241.0,2365.9962,2362.6263,2361.9562,13025600.0,0.0,0.0,0.0,0.0,0.0,0.0,0,self,93003000.0,1710200,0,2361.9562,2362.54,0
112,000016.SH,20231201.0,93004000,93004259.0,2365.9962,2362.6263,2361.9562,13025600.0,0.0,0.0,0.0,0.0,0.0,0.0,0,self,93004000.0,0,0,2361.9562,2362.54,0
113,000016.SH,20231201.0,93006000,93006176.0,2365.9962,2362.6263,2362.1173,18742000.0,0.0,0.0,0.0,0.0,0.0,0.0,0,self,93006000.0,5716400,0,2362.1173,2362.41,0
114,000016.SH,20231201.0,93009000,93009261.0,2365.9962,2362.6263,2361.1618,23073900.0,0.0,0.0,0.0,0.0,0.0,0.0,0,self,93009000.0,4331900,1,2361.1618,2362.18,0
115,000016.SH,20231201.0,93012000,93012267.0,2365.9962,2362.6263,2360.8368,25427500.0,0.0,0.0,0.0,0.0,0.0,0.0,0,self,93012000.0,2353600,0,2360.8368,2362.05,0
116,000016.SH,20231201.0,93015000,93015259.0,2365.9962,2362.6263,2360.8282,28426200.0,0.0,0.0,0.0,0.0,0.0,0.0,0,self,93015000.0,2998700,0,2360.8282,2361.92,0
117,000016.SH,20231201.0,93018000,93018288.0,2365.9962,2362.6263,2361.2269,30920000.0,0.0,0.0,0.0,0.0,0.0,0.0,0,self,93018000.0,2493800,0,2361.2269,2361.87,0
118,000016.SH,20231201.0,93021000,93021174.0,2365.9962,2362.6263,2360.5862,33779600.0,0.0,0.0,0.0,0.0,0.0,0.0,0,self,93021000.0,2859600,0,2360.5862,2361.76,0
119,000016.SH,20231201.0,93024000,93024172.0,2365.9962,2362.6263,2360.6802,35624900.0,0.0,0.0,0.0,0.0,0.0,0.0,0,self,93024000.0,1845300,0,2360.6802,2361.7,0
120,000016.SH,20231201.0,93027000,93027182.0,2365.9962,2362.6263,2361.1394,37329900.0,0.0,0.0,0.0,0.0,0.0,0.0,0,self,93027000.0,1705000,0,2361.1394,2361.68,0
121,000016.SH,20231201.0,93030000,93030172.0,2365.9962,2362.6263,2361.0453,39240500.0,0.0,0.0,0.0,0.0,0.0,0.0,0,self,93030000.0,1910600,0,2361.0453,2361.65,0
122,000016.SH,20231201.0,93033000,93033181.0,2365.9962,2362.6263,2361.2877,41603300.0,0.0,0.0,0.0,0.0,0.0,0.0,0,self,93033000.0,2362800,0,2361.2877,2361.63,0
123,000016.SH,20231201.0,93034000,93034233.0,2365.9962,2362.6263,2361.2877,41603300.0,0.0,0.0,0.0,0.0,0.0,0.0,0,self,93034000.0,0,0,2361.2877,2361.63,0
124,000016.SH,20231201.0,93036000,93036174.0,2365.9962,2362.6263,2361.3939,43082100.0,0.0,0.0,0.0,0.0,0.0,0.0,0,self,93036000.0,1478800,0,2361.3939,2361.62,0
125,000016.SH,20231201.0,93039000,93039182.0,2365.9962,2362.6263,2362.5231,44537700.0,0.0,0.0,0.0,0.0,0.0,0.0,0,self,93039000.0,1455600,0,2362.5231,2361.65,0
126,000016.SH,20231201.0,93042000,93042189.0,2365.9962,2362.6263,2361.7814,45981700.0,0.0,0.0,0.0,0.0,0.0,0.0,0,self,93042000.0,1444000,0,2361.7814,2361.65,0
127,000016.SH,20231201.0,93045000,93045182.0,2365.9962,2362.6263,2361.9674,47788200.0,0.0,0.0,0.0,0.0,0.0,0.0,0,self,93045000.0,1806500,0,2361.9674,2361.66,0
128,000016.SH,20231201.0,93048000,93048186.0,2365.9962,2362.6263,2360.6291,49544700.0,0.0,0.0,0.0,0.0,0.0,0.0,0,self,93048000.0,1756500,0,2360.6291,2361.63,0
129,000016.SH,20231201.0,93051000,93051191.0,2365.9962,2362.6263,2360.5541,50921000.0,0.0,0.0,0.0,0.0,0.0,0.0,0,self,93051000.0,1376300,0,2360.5541,2361.6,0
130,000016.SH,20231201.0,93054000,93054182.0,2365.9962,2362.6263,2361.2493,52405200.0,0.0,0.0,0.0,0.0,0.0,0.0,0,self,93054000.0,1484200,0,2361.2493,2361.59,0
131,000016.SH,20231201.0,93057000,93057182.0,2365.9962,2362.6263,2360.8768,53280600.0,0.0,0.0,0.0,0.0,0.0,0.0,0,self,93057000.0,875400,0,2360.8768,2361.58,0
132,000016.SH,20231201.0,93100000,93100179.0,2365.9962,2362.6263,2360.3347,54575900.0,0.0,0.0,0.0,0.0,0.0,0.0,0,self,93100000.0,1295300,0,2360.3347,2361.55,0
133,000016.SH,20231201.0,93103000,93103203.0,2365.9962,2362.6263,2360.6013,61456700.0,0.0,0.0,0.0,0.0,0.0,0.0,0,self,93103000.0,6880800,0,2360.6013,2361.44,0
134,000016.SH,20231201.0,93104000,93104233.0,2365.9962,2362.6263,2360.6013,61456700.0,0.0,0.0,0.0,0.0,0.0,0.0,0,self,93104000.0,0,0,2360.6013,2361.44,0
135,000016.SH,20231201.0,93106000,93106103.0,2365.9962,2362.6263,2359.7593,62981200.0,0.0,0.0,0.0,0.0,0.0,0.0,0,self,93106000.0,1524500,0,2359.7593,2361.4,0
136,000016.SH,20231201.0,93109000,93109081.0,2365.9962,2362.6263,2358.6822,64854000.0,0.0,0.0,0.0,0.0,0.0,0.0,0,self,93109000.0,1872800,1,2358.6822,2361.32,0
137,000016.SH,20231201.0,93112000,93112093.0,2365.9962,2362.6263,2358.295,66418200.0,0.0,0.0,0.0,0.0,0.0,0.0,0,self,93112000.0,1564200,1,2358.295,2361.25,0
138,000016.SH,20231201.0,93115000,93115093.0,2365.9962,2362.6263,2357.9246,68172700.0,0.0,0.0,0.0,0.0,0.0,0.0,0,self,93115000.0,1754500,1,2357.9246,2361.16,0
139,000016.SH,20231201.0,93118000,93118093.0,2365.9962,2362.6263,2358.6456,70035200.0,0.0,0.0,0.0,0.0,0.0,0.0,0,self,93118000.0,1862500,0,2358.6456,2361.1,0
140,000016.SH,20231201.0,93121000,93121086.0,2365.9962,2362.6263,2360.0689,72641300.0,0.0,0.0,0.0,0.0,0.0,0.0,0,self,93121000.0,2606100,0,2360.0689,2361.06,0
141,000016.SH,20231201.0,93124000,93124086.0,2365.9962,2362.6263,2360.3322,74235800.0,0.0,0.0,0.0,0.0,0.0,0.0,0,self,93124000.0,1594500,0,2360.3322,2361.05,0
142,000016.SH,20231201.0,93127000,93127104.0,2365.9962,2362.6263,2359.7307,75257200.0,0.0,0.0,0.0,0.0,0.0,0.0,0,self,93127000.0,1021400,0,2359.7307,2361.03,0
143,000016.SH,20231201.0,93130000,93130097.0,2365.9962,2362.6263,2359.3884,75984500.0,0.0,0.0,0.0,0.0,0.0,0.0,0,self,93130000.0,727300,0,2359.3884,2361.01,0
144,000016.SH,20231201.0,93133000,93133095.0,2365.9962,2362.6263,2359.0238,76870100.0,0.0,0.0,0.0,0.0,0.0,0.0,0,self,93133000.0,885600,0,2359.0238,2360.99,0
145,000016.SH,20231201.0,93134000,93134234.0,2365.9962,2362.6263,2359.0238,76870100.0,0.0,0.0,0.0,0.0,0.0,0.0,0,self,93134000.0,0,0,2359.0238,2360.99,0
146,000016.SH,20231201.0,93136000,93136104.0,2365.9962,2362.6263,2358.9378,77975300.0,0.0,0.0,0.0,0.0,0.0,0.0,0,self,93136000.0,1105200,0,2358.9378,2360.96,0
147,000016.SH,20231201.0,93139000,93139126.0,2365.9962,2362.6263,2358.8197,78812300.0,0.0,0.0,0.0,0.0,0.0,0.0,0,self,93139000.0,837000,0,2358.8197,2360.94,0
148,000016.SH,20231201.0,93142000,93142122.0,2365.9962,2362.6263,2359.0462,79841200.0,0.0,0.0,0.0,0.0,0.0,0.0,0,self,93142000.0,1028900,0,2359.0462,2360.91,0
149,000016.SH,20231201.0,93145000,93145113.0,2365.9962,2362.6263,2359.0448,80653700.0,0.0,0.0,0.0,0.0,0.0,0.0,0,self,93145000.0,812500,0,2359.0448,2360.89,0
150,000016.SH,20231201.0,93148000,93148129.0,2365.9962,2362.6263,2358.9546,82119800.0,0.0,0.0,0.0,0.0,0.0,0.0,0,self,93148000.0,1466100,0,2358.9546,2360.86,0
151,000016.SH,20231201.0,93151000,93151158.0,2365.9962,2362.6263,2358.9746,82761100.0,0.0,0.0,0.0,0.0,0.0,0.0,0,self,93151000.0,641300,0,2358.9746,2360.84,0
152,000016.SH,20231201.0,93154000,93154136.0,2365.9962,2362.6263,2358.7688,84482500.0,0.0,0.0,0.0,0.0,0.0,0.0,0,self,93154000.0,1721400,0,2358.7688,2360.8,0
153,000016.SH,20231201.0,93157000,93157149.0,2365.9962,2362.6263,2358.315,85161900.0,0.0,0.0,0.0,0.0,0.0,0.0,0,self,93157000.0,679400,0,2358.315,2360.78,0
154,000016.SH,20231201.0,93200000,93200145.0,2365.9962,2362.6263,2358.4132,85984500.0,0.0,0.0,0.0,0.0,0.0,0.0,0,self,93200000.0,822600,0,2358.4132,2360.76,0
155,000016.SH,20231201.0,93203000,93203153.0,2365.9962,2362.6263,2358.088,86832600.0,0.0,0.0,0.0,0.0,0.0,0.0,0,self,93203000.0,848100,0,2358.088,2360.73,0
156,000016.SH,20231201.0,93204000,93204231.0,2365.9962,2362.6263,2358.088,86832600.0,0.0,0.0,0.0,0.0,0.0,0.0,0,self,93204000.0,0,0,2358.088,2360.73,0
157,000016.SH,20231201.0,93206000,93206190.0,2365.9962,2362.6263,2358.2769,88450800.0,0.0,0.0,0.0,0.0,0.0,0.0,0,self,93206000.0,1618200,0,2358.2769,2360.69,0
158,000016.SH,20231201.0,93209000,93209189.0,2365.9962,2362.6263,2357.675,89558900.0,0.0,0.0,0.0,0.0,0.0,0.0,0,self,93209000.0,1108100,0,2357.675,2360.65,0
159,000016.SH,20231201.0,93212000,93212176.0,2365.9962,2362.6263,2357.1787,90526800.0,0.0,0.0,0.0,0.0,0.0,0.0,0,self,93212000.0,967900,0,2357.1787,2360.61,0
160,000016.SH,20231201.0,93215000,93215183.0,2365.9962,2362.6263,2357.4406,91429800.0,0.0,0.0,0.0,0.0,0.0,0.0,0,self,93215000.0,903000,0,2357.4406,2360.58,0
161,000016.SH,20231201.0,93218000,93218181.0,2365.9962,2362.6263,2357.5546,92573600.0,0.0,0.0,0.0,0.0,0.0,0.0,0,self,93218000.0,1143800,0,2357.5546,2360.55,0
162,000016.SH,20231201.0,93221000,93221186.0,2365.9962,2362.6263,2357.2959,93417900.0,0.0,0.0,0.0,0.0,0.0,0.0,0,self,93221000.0,844300,0,2357.2959,2360.52,0
163,000016.SH,20231201.0,93224000,93224186.0,2365.9962,2362.6263,2356.4839,94623100.0,0.0,0.0,0.0,0.0,0.0,0.0,0,self,93224000.0,1205200,0,2356.4839,2360.46,0
164,000016.SH,20231201.0,93227000,93227182.0,2365.9962,2362.6263,2356.3696,95273500.0,0.0,0.0,0.0,0.0,0.0,0.0,0,self,93227000.0,650400,0,2356.3696,2360.44,0
165,000016.SH,20231201.0,93230000,93230199.0,2365.9962,2362.6263,2356.4008,97352000.0,0.0,0.0,0.0,0.0,0.0,0.0,0,self,93230000.0,2078500,0,2356.4008,2360.35,0
166,000016.SH,20231201.0,93233000,93233201.0,2365.9962,2362.6263,2355.8041,98756000.0,0.0,0.0,0.0,0.0,0.0,0.0,0,self,93233000.0,1404000,0,2355.8041,2360.29,0
167,000016.SH,20231201.0,93234000,93234238.0,2365.9962,2362.6263,2355.8041,98756000.0,0.0,0.0,0.0,0.0,0.0,0.0,0,self,93234000.0,0,0,2355.8041,2360.29,0
168,000016.SH,20231201.0,93236000,93236090.0,2365.9962,2362.6263,2355.5118,99208400.0,0.0,0.0,0.0,0.0,0.0,0.0,0,self,93236000.0,452400,0,2355.5118,2360.26,0
169,000016.SH,20231201.0,93239000,93239113.0,2365.9962,2362.6263,2356.1348,100605800.0,0.0,0.0,0.0,0.0,0.0,0.0,0,self,93239000.0,1397400,0,2356.1348,2360.21,0
170,000016.SH,20231201.0,93242000,93242126.0,2365.9962,2362.6263,2355.7279,101407000.0,0.0,0.0,0.0,0.0,0.0,0.0,0,self,93242000.0,801200,0,2355.7279,2360.17,0
171,000016.SH,20231201.0,93245000,93245112.0,2365.9962,2362.6263,2355.6196,101821700.0,0.0,0.0,0.0,0.0,0.0,0.0,0,self,93245000.0,414700,0,2355.6196,2360.15,0
172,000016.SH,20231201.0,93248000,93248139.0,2365.9962,2362.6263,2355.4988,102758100.0,0.0,0.0,0.0,0.0,0.0,0.0,0,self,93248000.0,936400,0,2355.4988,2360.11,0
173,000016.SH,20231201.0,93251000,93251134.0,2365.9962,2362.6263,2355.4732,103219700.0,0.0,0.0,0.0,0.0,0.0,0.0,0,self,93251000.0,461600,0,2355.4732,2360.09,0
174,000016.SH,20231201.0,93254000,93254144.0,2365.9962,2362.6263,2355.3594,104895300.0,0.0,0.0,0.0,0.0,0.0,0.0,0,self,93254000.0,1675600,0,2355.3594,2360.01,0
175,000016.SH,20231201.0,93257000,93257147.0,2365.9962,2362.6263,2355.5256,105726400.0,0.0,0.0,0.0,0.0,0.0,0.0,0,self,93257000.0,831100,0,2355.5256,2359.98,0
176,000016.SH,20231201.0,93300000,93300152.0,2365.9962,2362.6263,2355.3763,107351200.0,0.0,0.0,0.0,0.0,0.0,0.0,0,self,93300000.0,1624800,0,2355.3763,2359.91,0
177,000016.SH,20231201.0,93303000,93303151.0,2365.9962,2362.6263,2355.644,108724400.0,0.0,0.0,0.0,0.0,0.0,0.0,0,self,93303000.0,1373200,0,2355.644,2359.86,0
178,000016.SH,20231201.0,93304000,93304233.0,2365.9962,2362.6263,2355.644,108724400.0,0.0,0.0,0.0,0.0,0.0,0.0,0,self,93304000.0,0,0,2355.644,2359.86,0
179,000016.SH,20231201.0,93306000,93306205.0,2365.9962,2362.6263,2354.8391,110793400.0,0.0,0.0,0.0,0.0,0.0,0.0,0,self,93306000.0,2069000,0,2354.8391,2359.76,0
180,000016.SH,20231201.0,93309000,93309140.0,2365.9962,2362.6263,2354.5135,112215100.0,0.0,0.0,0.0,0.0,0.0,0.0,0,self,93309000.0,1421700,0,2354.5135,2359.7,0
181,000016.SH,20231201.0,93312000,93312145.0,2365.9962,2362.6263,2354.7874,114927900.0,0.0,0.0,0.0,0.0,0.0,0.0,0,self,93312000.0,2712800,0,2354.7874,2359.58,0
182,000016.SH,20231201.0,93315000,93315149.0,2365.9962,2362.6263,2354.5503,115498600.0,0.0,0.0,0.0,0.0,0.0,0.0,0,self,93315000.0,570700,0,2354.5503,2359.55,0
183,000016.SH,20231201.0,93318000,93318154.0,2365.9962,2362.6263,2354.9458,116524700.0,0.0,0.0,0.0,0.0,0.0,0.0,0,self,93318000.0,1026100,0,2354.9458,2359.51,0
184,000016.SH,20231201.0,93321000,93321139.0,2365.9962,2362.6263,2354.286,117353800.0,0.0,0.0,0.0,0.0,0.0,0.0,0,self,93321000.0,829100,0,2354.286,2359.48,0
185,000016.SH,20231201.0,93324000,93324143.0,2365.9962,2362.6263,2354.0479,118464100.0,0.0,0.0,0.0,0.0,0.0,0.0,0,self,93324000.0,1110300,0,2354.0479,2359.43,0
186,000016.SH,20231201.0,93327000,93327179.0,2365.9962,2362.6263,2354.0299,120147100.0,0.0,0.0,0.0,0.0,0.0,0.0,0,self,93327000.0,1683000,0,2354.0299,2359.35,0
187,000016.SH,20231201.0,93330000,93330177.0,2365.9962,2362.6263,2353.9388,120508200.0,0.0,0.0,0.0,0.0,0.0,0.0,0,self,93330000.0,361100,0,2353.9388,2359.33,0
188,000016.SH,20231201.0,93333000,93333195.0,2365.9962,2362.6263,2353.3715,121042300.0,0.0,0.0,0.0,0.0,0.0,0.0,0,self,93333000.0,534100,0,2353.3715,2359.31,0
189,000016.SH,20231201.0,93334000,93334233.0,2365.9962,2362.6263,2353.3715,121042300.0,0.0,0.0,0.0,0.0,0.0,0.0,0,self,93334000.0,0,0,2353.3715,2359.31,0
190,000016.SH,20231201.0,93336000,93336188.0,2365.9962,2362.6263,2353.5464,121516000.0,0.0,0.0,0.0,0.0,0.0,0.0,0,self,93336000.0,473700,0,2353.5464,2359.29,0
191,000016.SH,20231201.0,93339000,93339178.0,2365.9962,2362.6263,2353.49,122178100.0,0.0,0.0,0.0,0.0,0.0,0.0,0,self,93339000.0,662100,0,2353.49,2359.25,0
192,000016.SH,20231201.0,93342000,93342194.0,2365.9962,2362.6263,2353.3526,122738900.0,0.0,0.0,0.0,0.0,0.0,0.0,0,self,93342000.0,560800,0,2353.3526,2359.23,0
193,000016.SH,20231201.0,93345000,93345096.0,2365.9962,2362.6263,2353.3098,123105600.0,0.0,0.0,0.0,0.0,0.0,0.0,0,self,93345000.0,366700,0,2353.3098,2359.21,0
194,000016.SH,20231201.0,93348000,93348114.0,2365.9962,2362.6263,2353.9829,123524300.0,0.0,0.0,0.0,0.0,0.0,0.0,0,self,93348000.0,418700,0,2353.9829,2359.19,0
195,000016.SH,20231201.0,93351000,93351122.0,2365.9962,2362.6263,2353.8774,124067700.0,0.0,0.0,0.0,0.0,0.0,0.0,0,self,93351000.0,543400,0,2353.8774,2359.17,0
196,000016.SH,20231201.0,93354000,93354121.0,2365.9962,2362.6263,2353.5084,124872500.0,0.0,0.0,0.0,0.0,0.0,0.0,0,self,93354000.0,804800,0,2353.5084,2359.13,0
197,000016.SH,20231201.0,93357000,93357109.0,2365.9962,2362.6263,2353.817,125786200.0,0.0,0.0,0.0,0.0,0.0,0.0,0,self,93357000.0,913700,0,2353.817,2359.09,0
198,000016.SH,20231201.0,93400000,93400121.0,2365.9962,2362.6263,2354.3802,126754800.0,0.0,0.0,0.0,0.0,0.0,0.0,0,self,93400000.0,968600,0,2354.3802,2359.06,0
199,000016.SH,20231201.0,93403000,93403126.0,2365.9962,2362.6263,2354.2265,127471500.0,0.0,0.0,0.0,0.0,0.0,0.0,0,self,93403000.0,716700,0,2354.2265,2359.03,0
200,000016.SH,20231201.0,93404000,93404234.0,2365.9962,2362.6263,2354.2265,127471500.0,0.0,0.0,0.0,0.0,0.0,0.0,0,self,93404000.0,0,0,2354.2265,2359.03,0
201,000016.SH,20231201.0,93406000,93406110.0,2365.9962,2362.6263,2354.3214,128051800.0,0.0,0.0,0.0,0.0,0.0,0.0,0,self,93406000.0,580300,0,2354.3214,2359.01,0
202,000016.SH,20231201.0,93409000,93409111.0,2365.9962,2362.6263,2353.6057,128646300.0,0.0,0.0,0.0,0.0,0.0,0.0,0,self,93409000.0,594500,0,2353.6057,2358.98,0
203,000016.SH,20231201.0,93412000,93412124.0,2365.9962,2362.6263,2353.6548,129259900.0,0.0,0.0,0.0,0.0,0.0,0.0,0,self,93412000.0,613600,0,2353.6548,2358.96,0
204,000016.SH,20231201.0,93415000,93415115.0,2365.9962,2362.6263,2353.5483,130121700.0,0.0,0.0,0.0,0.0,0.0,0.0,0,self,93415000.0,861800,0,2353.5483,2358.92,0
205,000016.SH,20231201.0,93418000,93418132.0,2365.9962,2362.6263,2353.4081,131188400.0,0.0,0.0,0.0,0.0,0.0,0.0,0,self,93418000.0,1066700,0,2353.4081,2358.88,0
206,000016.SH,20231201.0,93421000,93421128.0,2365.9962,2362.6263,2353.2207,131944800.0,0.0,0.0,0.0,0.0,0.0,0.0,0,self,93421000.0,756400,0,2353.2207,2358.85,0
207,000016.SH,20231201.0,93424000,93424147.0,2365.9962,2362.6263,2352.8148,133030400.0,0.0,0.0,0.0,0.0,0.0,0.0,0,self,93424000.0,1085600,0,2352.8148,2358.8,0
208,000016.SH,20231201.0,93427000,93427144.0,2365.9962,2362.6263,2352.5851,133783700.0,0.0,0.0,0.0,0.0,0.0,0.0,0,self,93427000.0,753300,0,2352.5851,2358.76,0
209,000016.SH,20231201.0,93430000,93430148.0,2365.9962,2362.6263,2352.3912,134904000.0,0.0,0.0,0.0,0.0,0.0,0.0,0,self,93430000.0,1120300,0,2352.3912,2358.71,0
210,000016.SH,20231201.0,93433000,93433127.0,2365.9962,2362.6263,2352.4449,135774300.0,0.0,0.0,0.0,0.0,0.0,0.0,0,self,93433000.0,870300,0,2352.4449,2358.67,0
211,000016.SH,20231201.0,93434000,93434235.0,2365.9962,2362.6263,2352.4449,135774300.0,0.0,0.0,0.0,0.0,0.0,0.0,0,self,93434000.0,0,0,2352.4449,2358.67,0
212,000016.SH,20231201.0,93436000,93436157.0,2365.9962,2362.6263,2352.1485,136665600.0,0.0,0.0,0.0,0.0,0.0,0.0,0,self,93436000.0,891300,0,2352.1485,2358.63,0
213,000016.SH,20231201.0,93439000,93439156.0,2365.9962,2362.6263,2352.302,138493300.0,0.0,0.0,0.0,0.0,0.0,0.0,0,self,93439000.0,1827700,0,2352.302,2358.54,0
214,000016.SH,20231201.0,93442000,93442156.0,2365.9962,2362.6263,2352.6897,139016800.0,0.0,0.0,0.0,0.0,0.0,0.0,0,self,93442000.0,523500,0,2352.6897,2358.52,0
215,000016.SH,20231201.0,93445000,93445182.0,2365.9962,2362.6263,2352.5001,139655100.0,0.0,0.0,0.0,0.0,0.0,0.0,0,self,93445000.0,638300,0,2352.5001,2358.49,0
216,000016.SH,20231201.0,93448000,93448191.0,2365.9962,2362.6263,2353.3713,140672300.0,0.0,0.0,0.0,0.0,0.0,0.0,0,self,93448000.0,1017200,0,2353.3713,2358.46,0
217,000016.SH,20231201.0,93451000,93451188.0,2365.9962,2362.6263,2353.1462,141324400.0,0.0,0.0,0.0,0.0,0.0,0.0,0,self,93451000.0,652100,0,2353.1462,2358.43,0
218,000016.SH,20231201.0,93454000,93454181.0,2365.9962,2362.6263,2353.1134,142675800.0,0.0,0.0,0.0,0.0,0.0,0.0,0,self,93454000.0,1351400,0,2353.1134,2358.38,0
219,000016.SH,20231201.0,93457000,93457198.0,2365.9962,2362.6263,2353.0205,143116200.0,0.0,0.0,0.0,0.0,0.0,0.0,0,self,93457000.0,440400,0,2353.0205,2358.36,0
220,000016.SH,20231201.0,93500000,93500105.0,2365.9962,2362.6263,2352.8483,143591300.0,0.0,0.0,0.0,0.0,0.0,0.0,0,self,93500000.0,475100,0,2352.8483,2358.35,0
221,000016.SH,20231201.0,93503000,93503103.0,2365.9962,2362.6263,2352.6317,146347100.0,0.0,0.0,0.0,0.0,0.0,0.0,0,self,93503000.0,2755800,0,2352.6317,2358.24,0
222,000016.SH,20231201.0,93504000,93504247.0,2365.9962,2362.6263,2352.6317,146347100.0,0.0,0.0,0.0,0.0,0.0,0.0,0,self,93504000.0,0,0,2352.6317,2358.24,0
223,000016.SH,20231201.0,93506000,93506105.0,2365.9962,2362.6263,2352.8722,147608700.0,0.0,0.0,0.0,0.0,0.0,0.0,0,self,93506000.0,1261600,0,2352.8722,2358.19,0
224,000016.SH,20231201.0,93509000,93509215.0,2365.9962,2362.6263,2352.7164,148377800.0,0.0,0.0,0.0,0.0,0.0,0.0,0,self,93509000.0,769100,0,2352.7164,2358.16,0
225,000016.SH,20231201.0,93512000,93512198.0,2365.9962,2362.6263,2352.4583,150379200.0,0.0,0.0,0.0,0.0,0.0,0.0,0,self,93512000.0,2001400,0,2352.4583,2358.09,0
226,000016.SH,20231201.0,93515000,93515216.0,2365.9962,2362.6263,2352.2664,151819900.0,0.0,0.0,0.0,0.0,0.0,0.0,0,self,93515000.0,1440700,0,2352.2664,2358.03,0
227,000016.SH,20231201.0,93518000,93518128.0,2365.9962,2362.6263,2352.2769,153598400.0,0.0,0.0,0.0,0.0,0.0,0.0,0,self,93518000.0,1778500,0,2352.2769,2357.97,0
228,000016.SH,20231201.0,93521000,93521232.0,2365.9962,2362.6263,2352.0988,154506800.0,0.0,0.0,0.0,0.0,0.0,0.0,0,self,93521000.0,908400,0,2352.0988,2357.93,0
229,000016.SH,20231201.0,93524000,93524165.0,2365.9962,2362.6263,2351.5833,155812200.0,0.0,0.0,0.0,0.0,0.0,0.0,0,self,93524000.0,1305400,0,2351.5833,2357.88,0
230,000016.SH,20231201.0,93527000,93527160.0,2365.9962,2362.6263,2351.9485,157639800.0,0.0,0.0,0.0,0.0,0.0,0.0,0,self,93527000.0,1827600,0,2351.9485,2357.81,0
231,000016.SH,20231201.0,93530000,93530160.0,2365.9962,2362.6263,2352.0145,158656500.0,0.0,0.0,0.0,0.0,0.0,0.0,0,self,93530000.0,1016700,0,2352.0145,2357.77,0
232,000016.SH,20231201.0,93533000,93533161.0,2365.9962,2362.6263,2352.3101,159447700.0,0.0,0.0,0.0,0.0,0.0,0.0,0,self,93533000.0,791200,0,2352.3101,2357.75,0
233,000016.SH,20231201.0,93534000,93534235.0,2365.9962,2362.6263,2352.3101,159447700.0,0.0,0.0,0.0,0.0,0.0,0.0,0,self,93534000.0,0,0,2352.3101,2357.75,0
234,000016.SH,20231201.0,93536000,93536179.0,2365.9962,2362.6263,2352.0443,159923400.0,0.0,0.0,0.0,0.0,0.0,0.0,0,self,93536000.0,475700,0,2352.0443,2357.73,0
235,000016.SH,20231201.0,93539000,93539181.0,2365.9962,2362.6263,2352.0513,160457800.0,0.0,0.0,0.0,0.0,0.0,0.0,0,self,93539000.0,534400,0,2352.0513,2357.71,0
236,000016.SH,20231201.0,93542000,93542177.0,2365.9962,2362.6263,2352.1299,161636900.0,0.0,0.0,0.0,0.0,0.0,0.0,0,self,93542000.0,1179100,0,2352.1299,2357.67,0
237,000016.SH,20231201.0,93545000,93545185.0,2365.9962,2362.6263,2352.6065,163505200.0,0.0,0.0,0.0,0.0,0.0,0.0,0,self,93545000.0,1868300,0,2352.6065,2357.61,0
238,000016.SH,20231201.0,93548000,93548180.0,2365.9962,2362.6263,2352.0044,164389700.0,0.0,0.0,0.0,0.0,0.0,0.0,0,self,93548000.0,884500,0,2352.0044,2357.58,0
239,000016.SH,20231201.0,93551000,93551180.0,2365.9962,2362.6263,2352.2822,165048400.0,0.0,0.0,0.0,0.0,0.0,0.0,0,self,93551000.0,658700,0,2352.2822,2357.56,0
240,000016.SH,20231201.0,93554000,93554191.0,2365.9962,2362.6263,2352.1617,165515200.0,0.0,0.0,0.0,0.0,0.0,0.0,0,self,93554000.0,466800,0,2352.1617,2357.54,0
241,000016.SH,20231201.0,93557000,93557176.0,2365.9962,2362.6263,2351.8916,166218000.0,0.0,0.0,0.0,0.0,0.0,0.0,0,self,93557000.0,702800,0,2351.8916,2357.52,0
242,000016.SH,20231201.0,93600000,93600180.0,2365.9962,2362.6263,2352.4194,166653000.0,0.0,0.0,0.0,0.0,0.0,0.0,0,self,93600000.0,435000,0,2352.4194,2357.51,0
243,000016.SH,20231201.0,93603000,93603175.0,2365.9962,2362.6263,2351.9297,167671100.0,0.0,0.0,0.0,0.0,0.0,0.0,0,self,93603000.0,1018100,0,2351.9297,2357.47,0
244,000016.SH,20231201.0,93604000,93604227.0,2365.9962,2362.6263,2351.9297,167671100.0,0.0,0.0,0.0,0.0,0.0,0.0,0,self,93604000.0,0,0,2351.9297,2357.47,0
245,000016.SH,20231201.0,93606000,93606191.0,2365.9962,2362.6263,2351.9781,168966600.0,0.0,0.0,0.0,0.0,0.0,0.0,0,self,93606000.0,1295500,0,2351.9781,2357.43,0
246,000016.SH,20231201.0,93609000,93609176.0,2365.9962,2362.6263,2351.7699,170592300.0,0.0,0.0,0.0,0.0,0.0,0.0,0,self,93609000.0,1625700,0,2351.7699,2357.38,0
247,000016.SH,20231201.0,93612000,93612191.0,2365.9962,2362.6263,2351.6075,173185900.0,0.0,0.0,0.0,0.0,0.0,0.0,0,self,93612000.0,2593600,0,2351.6075,2357.29,0
248,000016.SH,20231201.0,93615000,93615097.0,2365.9962,2362.6263,2351.4172,174715500.0,0.0,0.0,0.0,0.0,0.0,0.0,0,self,93615000.0,1529600,0,2351.4172,2357.24,0
249,000016.SH,20231201.0,93618000,93618097.0,2365.9962,2362.6263,2351.3625,175637300.0,0.0,0.0,0.0,0.0,0.0,0.0,0,self,93618000.0,921800,0,2351.3625,2357.21,0
250,000016.SH,20231201.0,93621000,93621089.0,2365.9962,2362.6263,2350.8935,177634700.0,0.0,0.0,0.0,0.0,0.0,0.0,0,self,93621000.0,1997400,0,2350.8935,2357.14,0
251,000016.SH,20231201.0,93624000,93624092.0,2365.9962,2362.6263,2351.2754,180946800.0,0.0,0.0,0.0,0.0,0.0,0.0,0,self,93624000.0,3312100,0,2351.2754,2357.03,0
252,000016.SH,20231201.0,93627000,93627081.0,2365.9962,2362.6263,2351.0667,183838600.0,0.0,0.0,0.0,0.0,0.0,0.0,0,self,93627000.0,2891800,0,2351.0667,2356.94,0
253,000016.SH,20231201.0,93630000,93630084.0,2365.9962,2362.6263,2350.6953,184751900.0,0.0,0.0,0.0,0.0,0.0,0.0,0,self,93630000.0,913300,0,2350.6953,2356.91,0
254,000016.SH,20231201.0,93633000,93633091.0,2365.9962,2362.6263,2350.7502,186130400.0,0.0,0.0,0.0,0.0,0.0,0.0,0,self,93633000.0,1378500,0,2350.7502,2356.86,0
255,000016.SH,20231201.0,93634000,93634224.0,2365.9962,2362.6263,2350.7502,186130400.0,0.0,0.0,0.0,0.0,0.0,0.0,0,self,93634000.0,0,0,2350.7502,2356.86,0
256,000016.SH,20231201.0,93636000,93636091.0,2365.9962,2362.6263,2351.0491,186755900.0,0.0,0.0,0.0,0.0,0.0,0.0,0,self,93636000.0,625500,0,2351.0491,2356.84,0
257,000016.SH,20231201.0,93639000,93639097.0,2365.9962,2362.6263,2350.8338,188172200.0,0.0,0.0,0.0,0.0,0.0,0.0,0,self,93639000.0,1416300,0,2350.8338,2356.8,0
258,000016.SH,20231201.0,93642000,93642088.0,2365.9962,2362.6263,2350.8926,188763600.0,0.0,0.0,0.0,0.0,0.0,0.0,0,self,93642000.0,591400,0,2350.8926,2356.78,0
259,000016.SH,20231201.0,93645000,93645113.0,2365.9962,2362.6263,2350.5966,190086600.0,0.0,0.0,0.0,0.0,0.0,0.0,0,self,93645000.0,1323000,0,2350.5966,2356.73,0
260,000016.SH,20231201.0,93648000,93648131.0,2365.9962,2362.6263,2350.6335,190861300.0,0.0,0.0,0.0,0.0,0.0,0.0,0,self,93648000.0,774700,0,2350.6335,2356.71,0
261,000016.SH,20231201.0,93651000,93651125.0,2365.9962,2362.6263,2350.3583,191414900.0,0.0,0.0,0.0,0.0,0.0,0.0,0,self,93651000.0,553600,0,2350.3583,2356.69,0
262,000016.SH,20231201.0,93654000,93654126.0,2365.9962,2362.6263,2350.6096,192153800.0,0.0,0.0,0.0,0.0,0.0,0.0,0,self,93654000.0,738900,0,2350.6096,2356.67,0
263,000016.SH,20231201.0,93657000,93657117.0,2365.9962,2362.6263,2350.5567,192676600.0,0.0,0.0,0.0,0.0,0.0,0.0,0,self,93657000.0,522800,0,2350.5567,2356.65,0
264,000016.SH,20231201.0,93700000,93700121.0,2365.9962,2362.6263,2350.8536,193420700.0,0.0,0.0,0.0,0.0,0.0,0.0,0,self,93700000.0,744100,0,2350.8536,2356.63,0
265,000016.SH,20231201.0,93703000,93703129.0,2365.9962,2362.6263,2350.615,193784600.0,0.0,0.0,0.0,0.0,0.0,0.0,0,self,93703000.0,363900,0,2350.615,2356.62,0
266,000016.SH,20231201.0,93704000,93704226.0,2365.9962,2362.6263,2350.615,193784600.0,0.0,0.0,0.0,0.0,0.0,0.0,0,self,93704000.0,0,0,2350.615,2356.62,0
267,000016.SH,20231201.0,93706000,93706134.0,2365.9962,2362.6263,2350.9641,194571700.0,0.0,0.0,0.0,0.0,0.0,0.0,0,self,93706000.0,787100,0,2350.9641,2356.59,0
268,000016.SH,20231201.0,93709000,93709140.0,2365.9962,2362.6263,2351.0879,195523000.0,0.0,0.0,0.0,0.0,0.0,0.0,0,self,93709000.0,951300,0,2351.0879,2356.57,0
269,000016.SH,20231201.0,93712000,93712150.0,2365.9962,2362.6263,2350.3614,196594700.0,0.0,0.0,0.0,0.0,0.0,0.0,0,self,93712000.0,1071700,0,2350.3614,2356.53,0
270,000016.SH,20231201.0,93715000,93715146.0,2365.9962,2362.6263,2350.4245,199463200.0,0.0,0.0,0.0,0.0,0.0,0.0,0,self,93715000.0,2868500,0,2350.4245,2356.45,0
271,000016.SH,20231201.0,93718000,93718151.0,2365.9962,2362.6263,2350.0707,201991700.0,0.0,0.0,0.0,0.0,0.0,0.0,0,self,93718000.0,2528500,0,2350.0707,2356.37,0
272,000016.SH,20231201.0,93721000,93721152.0,2365.9962,2362.6263,2349.8158,204533700.0,0.0,0.0,0.0,0.0,0.0,0.0,0,self,93721000.0,2542000,0,2349.8158,2356.28,0
273,000016.SH,20231201.0,93724000,93724144.0,2365.9962,2362.6263,2349.6513,205928400.0,0.0,0.0,0.0,0.0,0.0,0.0,0,self,93724000.0,1394700,0,2349.6513,2356.24,0
274,000016.SH,20231201.0,93727000,93727150.0,2365.9962,2362.6263,2349.6136,207346800.0,0.0,0.0,0.0,0.0,0.0,0.0,0,self,93727000.0,1418400,0,2349.6136,2356.19,0
275,000016.SH,20231201.0,93730000,93730166.0,2365.9962,2362.6263,2349.435,207982800.0,0.0,0.0,0.0,0.0,0.0,0.0,0,self,93730000.0,636000,0,2349.435,2356.17,0
276,000016.SH,20231201.0,93733000,93733149.0,2365.9962,2362.6263,2349.2757,208700200.0,0.0,0.0,0.0,0.0,0.0,0.0,0,self,93733000.0,717400,0,2349.2757,2356.15,0
277,000016.SH,20231201.0,93734000,93734235.0,2365.9962,2362.6263,2349.2757,208700200.0,0.0,0.0,0.0,0.0,0.0,0.0,0,self,93734000.0,0,0,2349.2757,2356.15,0
278,000016.SH,20231201.0,93736000,93736189.0,2365.9962,2362.6263,2349.2245,209603400.0,0.0,0.0,0.0,0.0,0.0,0.0,0,self,93736000.0,903200,0,2349.2245,2356.12,0
279,000016.SH,20231201.0,93739000,93739152.0,2365.9962,2362.6263,2349.0852,210631700.0,0.0,0.0,0.0,0.0,0.0,0.0,0,self,93739000.0,1028300,0,2349.0852,2356.09,0
280,000016.SH,20231201.0,93742000,93742149.0,2365.9962,2362.6263,2349.4926,211262900.0,0.0,0.0,0.0,0.0,0.0,0.0,0,self,93742000.0,631200,0,2349.4926,2356.07,0
281,000016.SH,20231201.0,93745000,93745174.0,2365.9962,2362.6263,2349.853,211970100.0,0.0,0.0,0.0,0.0,0.0,0.0,0,self,93745000.0,707200,0,2349.853,2356.05,0
282,000016.SH,20231201.0,93748000,93748190.0,2365.9962,2362.6263,2349.48,212691000.0,0.0,0.0,0.0,0.0,0.0,0.0,0,self,93748000.0,720900,0,2349.48,2356.02,0
283,000016.SH,20231201.0,93751000,93751182.0,2365.9962,2362.6263,2349.5565,213434400.0,0.0,0.0,0.0,0.0,0.0,0.0,0,self,93751000.0,743400,0,2349.5565,2356.0,0
284,000016.SH,20231201.0,93754000,93754182.0,2365.9962,2362.6263,2349.5424,214788800.0,0.0,0.0,0.0,0.0,0.0,0.0,0,self,93754000.0,1354400,0,2349.5424,2355.96,0
285,000016.SH,20231201.0,93757000,93757189.0,2365.9962,2362.6263,2349.2878,215542900.0,0.0,0.0,0.0,0.0,0.0,0.0,0,self,93757000.0,754100,0,2349.2878,2355.94,0
286,000016.SH,20231201.0,93800000,93800178.0,2365.9962,2362.6263,2349.1182,216376600.0,0.0,0.0,0.0,0.0,0.0,0.0,0,self,93800000.0,833700,0,2349.1182,2355.91,0
287,000016.SH,20231201.0,93803000,93803192.0,2365.9962,2362.6263,2349.1782,217165900.0,0.0,0.0,0.0,0.0,0.0,0.0,0,self,93803000.0,789300,0,2349.1782,2355.89,0
288,000016.SH,20231201.0,93804000,93804224.0,2365.9962,2362.6263,2349.1782,217165900.0,0.0,0.0,0.0,0.0,0.0,0.0,0,self,93804000.0,0,0,2349.1782,2355.89,0
289,000016.SH,20231201.0,93806000,93806196.0,2365.9962,2362.6263,2349.1483,218121100.0,0.0,0.0,0.0,0.0,0.0,0.0,0,self,93806000.0,955200,0,2349.1483,2355.86,0
290,000016.SH,20231201.0,93809000,93809191.0,2365.9962,2362.6263,2348.836,219560400.0,0.0,0.0,0.0,0.0,0.0,0.0,0,self,93809000.0,1439300,0,2348.836,2355.81,0
291,000016.SH,20231201.0,93812000,93812180.0,2365.9962,2362.6263,2348.6306,220877900.0,0.0,0.0,0.0,0.0,0.0,0.0,0,self,93812000.0,1317500,0,2348.6306,2355.77,0
292,000016.SH,20231201.0,93815000,93815213.0,2365.9962,2362.6263,2348.8031,222500700.0,0.0,0.0,0.0,0.0,0.0,0.0,0,self,93815000.0,1622800,0,2348.8031,2355.72,0
293,000016.SH,20231201.0,93818000,93818203.0,2365.9962,2362.6263,2348.4884,223292100.0,0.0,0.0,0.0,0.0,0.0,0.0,0,self,93818000.0,791400,0,2348.4884,2355.69,0
294,000016.SH,20231201.0,93821000,93821097.0,2365.9962,2362.6263,2348.8424,224114500.0,0.0,0.0,0.0,0.0,0.0,0.0,0,self,93821000.0,822400,0,2348.8424,2355.67,0
295,000016.SH,20231201.0,93824000,93824093.0,2365.9962,2362.6263,2348.727,224739600.0,0.0,0.0,0.0,0.0,0.0,0.0,0,self,93824000.0,625100,0,2348.727,2355.65,0
296,000016.SH,20231201.0,93827000,93827094.0,2365.9962,2362.6263,2348.3275,225727800.0,0.0,0.0,0.0,0.0,0.0,0.0,0,self,93827000.0,988200,0,2348.3275,2355.61,0
297,000016.SH,20231201.0,93830000,93830091.0,2365.9962,2362.6263,2348.081,226830000.0,0.0,0.0,0.0,0.0,0.0,0.0,0,self,93830000.0,1102200,0,2348.081,2355.58,0
298,000016.SH,20231201.0,93833000,93833093.0,2365.9962,2362.6263,2348.0016,227409400.0,0.0,0.0,0.0,0.0,0.0,0.0,0,self,93833000.0,579400,0,2348.0016,2355.56,0
299,000016.SH,20231201.0,93834000,93834234.0,2365.9962,2362.6263,2348.0016,227409400.0,0.0,0.0,0.0,0.0,0.0,0.0,0,self,93834000.0,0,0,2348.0016,2355.56,0
300,000016.SH,20231201.0,93836000,93836089.0,2365.9962,2362.6263,2347.8901,228219500.0,0.0,0.0,0.0,0.0,0.0,0.0,0,self,93836000.0,810100,0,2347.8901,2355.53,0
301,000016.SH,20231201.0,93839000,93839097.0,2365.9962,2362.6263,2347.871,229020300.0,0.0,0.0,0.0,0.0,0.0,0.0,0,self,93839000.0,800800,0,2347.871,2355.5,0
302,000016.SH,20231201.0,93842000,93842098.0,2365.9962,2362.6263,2347.8493,229965600.0,0.0,0.0,0.0,0.0,0.0,0.0,0,self,93842000.0,945300,0,2347.8493,2355.47,0
303,000016.SH,20231201.0,93845000,93845091.0,2365.9962,2362.6263,2347.6831,230683000.0,0.0,0.0,0.0,0.0,0.0,0.0,0,self,93845000.0,717400,0,2347.6831,2355.45,0
304,000016.SH,20231201.0,93848000,93848094.0,2365.9962,2362.6263,2347.6857,231275400.0,0.0,0.0,0.0,0.0,0.0,0.0,0,self,93848000.0,592400,0,2347.6857,2355.43,0
305,000016.SH,20231201.0,93851000,93851100.0,2365.9962,2362.6263,2348.0327,232192200.0,0.0,0.0,0.0,0.0,0.0,0.0,0,self,93851000.0,916800,0,2348.0327,2355.4,0
306,000016.SH,20231201.0,93854000,93854093.0,2365.9962,2362.6263,2347.71,233222100.0,0.0,0.0,0.0,0.0,0.0,0.0,0,self,93854000.0,1029900,0,2347.71,2355.37,0
307,000016.SH,20231201.0,93857000,93857094.0,2365.9962,2362.6263,2347.3787,233948700.0,0.0,0.0,0.0,0.0,0.0,0.0,0,self,93857000.0,726600,0,2347.3787,2355.34,0
308,000016.SH,20231201.0,93900000,93900088.0,2365.9962,2362.6263,2347.3011,234782400.0,0.0,0.0,0.0,0.0,0.0,0.0,0,self,93900000.0,833700,0,2347.3011,2355.31,0
309,000016.SH,20231201.0,93903000,93903092.0,2365.9962,2362.6263,2347.2563,235890700.0,0.0,0.0,0.0,0.0,0.0,0.0,0,self,93903000.0,1108300,0,2347.2563,2355.27,0
310,000016.SH,20231201.0,93904000,93904228.0,2365.9962,2362.6263,2347.2563,235890700.0,0.0,0.0,0.0,0.0,0.0,0.0,0,self,93904000.0,0,0,2347.2563,2355.27,0
311,000016.SH,20231201.0,93906000,93906094.0,2365.9962,2362.6263,2346.8619,237164100.0,0.0,0.0,0.0,0.0,0.0,0.0,0,self,93906000.0,1273400,0,2346.8619,2355.23,0
312,000016.SH,20231201.0,93909000,93909091.0,2365.9962,2362.6263,2346.467,239768400.0,0.0,0.0,0.0,0.0,0.0,0.0,0,self,93909000.0,2604300,0,2346.467,2355.13,0
313,000016.SH,20231201.0,93912000,93912087.0,2365.9962,2362.6263,2345.5609,240895000.0,0.0,0.0,0.0,0.0,0.0,0.0,0,self,93912000.0,1126600,0,2345.5609,2355.09,0
314,000016.SH,20231201.0,93915000,93915095.0,2365.9962,2362.6263,2345.7444,242659000.0,0.0,0.0,0.0,0.0,0.0,0.0,0,self,93915000.0,1764000,0,2345.7444,2355.02,0
315,000016.SH,20231201.0,93918000,93918102.0,2365.9962,2362.6263,2345.7128,244860900.0,0.0,0.0,0.0,0.0,0.0,0.0,0,self,93918000.0,2201900,0,2345.7128,2354.94,0
316,000016.SH,20231201.0,93921000,93921095.0,2365.9962,2362.6263,2345.5375,246513300.0,0.0,0.0,0.0,0.0,0.0,0.0,0,self,93921000.0,1652400,0,2345.5375,2354.88,0
317,000016.SH,20231201.0,93924000,93924112.0,2365.9962,2362.6263,2345.0429,247349300.0,0.0,0.0,0.0,0.0,0.0,0.0,0,self,93924000.0,836000,0,2345.0429,2354.84,0
318,000016.SH,20231201.0,93927000,93927116.0,2365.9962,2362.6263,2345.4278,248118600.0,0.0,0.0,0.0,0.0,0.0,0.0,0,self,93927000.0,769300,0,2345.4278,2354.81,0
319,000016.SH,20231201.0,93930000,93930084.0,2365.9962,2362.6263,2345.3292,249044700.0,0.0,0.0,0.0,0.0,0.0,0.0,0,self,93930000.0,926100,0,2345.3292,2354.78,0
320,000016.SH,20231201.0,93933000,93933084.0,2365.9962,2362.6263,2345.2768,249465000.0,0.0,0.0,0.0,0.0,0.0,0.0,0,self,93933000.0,420300,0,2345.2768,2354.76,0
321,000016.SH,20231201.0,93934000,93934232.0,2365.9962,2362.6263,2345.2768,249465000.0,0.0,0.0,0.0,0.0,0.0,0.0,0,self,93934000.0,0,0,2345.2768,2354.76,0
322,000016.SH,20231201.0,93936000,93936116.0,2365.9962,2362.6263,2345.1754,250305900.0,0.0,0.0,0.0,0.0,0.0,0.0,0,self,93936000.0,840900,0,2345.1754,2354.73,0
323,000016.SH,20231201.0,93939000,93939091.0,2365.9962,2362.6263,2345.4535,251080900.0,0.0,0.0,0.0,0.0,0.0,0.0,0,self,93939000.0,775000,0,2345.4535,2354.7,0
324,000016.SH,20231201.0,93942000,93942097.0,2365.9962,2362.6263,2345.1257,251723300.0,0.0,0.0,0.0,0.0,0.0,0.0,0,self,93942000.0,642400,0,2345.1257,2354.68,0
325,000016.SH,20231201.0,93945000,93945108.0,2365.9962,2362.6263,2345.2618,252742400.0,0.0,0.0,0.0,0.0,0.0,0.0,0,self,93945000.0,1019100,0,2345.2618,2354.64,0
326,000016.SH,20231201.0,93948000,93948109.0,2365.9962,2362.6263,2345.3923,253521700.0,0.0,0.0,0.0,0.0,0.0,0.0,0,self,93948000.0,779300,0,2345.3923,2354.61,0
327,000016.SH,20231201.0,93951000,93951108.0,2365.9962,2362.6263,2345.3559,254501000.0,0.0,0.0,0.0,0.0,0.0,0.0,0,self,93951000.0,979300,0,2345.3559,2354.57,0
328,000016.SH,20231201.0,93954000,93954114.0,2365.9962,2362.6263,2345.6077,255065400.0,0.0,0.0,0.0,0.0,0.0,0.0,0,self,93954000.0,564400,0,2345.6077,2354.55,0
329,000016.SH,20231201.0,93957000,93957107.0,2365.9962,2362.6263,2345.6483,255389700.0,0.0,0.0,0.0,0.0,0.0,0.0,0,self,93957000.0,324300,0,2345.6483,2354.54,0
330,000016.SH,20231201.0,94000000,94000108.0,2365.9962,2362.6263,2345.3084,255906200.0,0.0,0.0,0.0,0.0,0.0,0.0,0,self,94000000.0,516500,0,2345.3084,2354.52,0
331,000016.SH,20231201.0,94003000,94003097.0,2365.9962,2362.6263,2345.1157,256662900.0,0.0,0.0,0.0,0.0,0.0,0.0,0,self,94003000.0,756700,0,2345.1157,2354.5,0
332,000016.SH,20231201.0,94004000,94004229.0,2365.9962,2362.6263,2345.1157,256662900.0,0.0,0.0,0.0,0.0,0.0,0.0,0,self,94004000.0,0,0,2345.1157,2354.5,0
333,000016.SH,20231201.0,94006000,94006132.0,2365.9962,2362.6263,2345.5365,257621900.0,0.0,0.0,0.0,0.0,0.0,0.0,0,self,94006000.0,959000,0,2345.5365,2354.46,0
334,000016.SH,20231201.0,94009000,94009126.0,2365.9962,2362.6263,2346.3401,258598400.0,0.0,0.0,0.0,0.0,0.0,0.0,0,self,94009000.0,976500,0,2346.3401,2354.43,0
335,000016.SH,20231201.0,94012000,94012091.0,2365.9962,2362.6263,2346.1264,260096500.0,0.0,0.0,0.0,0.0,0.0,0.0,0,self,94012000.0,1498100,0,2346.1264,2354.38,0
336,000016.SH,20231201.0,94015000,94015116.0,2365.9962,2362.6263,2345.5723,260776500.0,0.0,0.0,0.0,0.0,0.0,0.0,0,self,94015000.0,680000,0,2345.5723,2354.36,0
337,000016.SH,20231201.0,94018000,94018093.0,2365.9962,2362.6263,2345.819,266759300.0,0.0,0.0,0.0,0.0,0.0,0.0,0,self,94018000.0,5982800,0,2345.819,2354.17,0
338,000016.SH,20231201.0,94021000,94021093.0,2365.9962,2362.6263,2345.7639,267781500.0,0.0,0.0,0.0,0.0,0.0,0.0,0,self,94021000.0,1022200,0,2345.7639,2354.14,0
339,000016.SH,20231201.0,94024000,94024111.0,2365.9962,2362.6263,2346.2547,268675900.0,0.0,0.0,0.0,0.0,0.0,0.0,0,self,94024000.0,894400,0,2346.2547,2354.11,0
340,000016.SH,20231201.0,94027000,94027118.0,2365.9962,2362.6263,2346.3817,270087200.0,0.0,0.0,0.0,0.0,0.0,0.0,0,self,94027000.0,1411300,0,2346.3817,2354.07,0
341,000016.SH,20231201.0,94030000,94030119.0,2365.9962,2362.6263,2346.059,270910100.0,0.0,0.0,0.0,0.0,0.0,0.0,0,self,94030000.0,822900,0,2346.059,2354.05,0
342,000016.SH,20231201.0,94033000,94033088.0,2365.9962,2362.6263,2346.0748,271694700.0,0.0,0.0,0.0,0.0,0.0,0.0,0,self,94033000.0,784600,0,2346.0748,2354.02,0
343,000016.SH,20231201.0,94034000,94034227.0,2365.9962,2362.6263,2346.0748,271694700.0,0.0,0.0,0.0,0.0,0.0,0.0,0,self,94034000.0,0,0,2346.0748,2354.02,0
344,000016.SH,20231201.0,94036000,94036116.0,2365.9962,2362.6263,2346.727,272523800.0,0.0,0.0,0.0,0.0,0.0,0.0,0,self,94036000.0,829100,0,2346.727,2354.0,0
345,000016.SH,20231201.0,94039000,94039110.0,2365.9962,2362.6263,2346.4192,273111600.0,0.0,0.0,0.0,0.0,0.0,0.0,0,self,94039000.0,587800,0,2346.4192,2353.99,0
346,000016.SH,20231201.0,94042000,94042083.0,2365.9962,2362.6263,2346.618,273806700.0,0.0,0.0,0.0,0.0,0.0,0.0,0,self,94042000.0,695100,0,2346.618,2353.97,0
347,000016.SH,20231201.0,94045000,94045110.0,2365.9962,2362.6263,2346.7901,274487700.0,0.0,0.0,0.0,0.0,0.0,0.0,0,self,94045000.0,681000,0,2346.7901,2353.95,0
348,000016.SH,20231201.0,94048000,94048117.0,2365.9962,2362.6263,2346.4092,274967700.0,0.0,0.0,0.0,0.0,0.0,0.0,0,self,94048000.0,480000,0,2346.4092,2353.94,0
349,000016.SH,20231201.0,94051000,94051099.0,2365.9962,2362.6263,2346.7543,276080500.0,0.0,0.0,0.0,0.0,0.0,0.0,0,self,94051000.0,1112800,0,2346.7543,2353.91,0
350,000016.SH,20231201.0,94054000,94054112.0,2365.9962,2362.6263,2347.193,277024100.0,0.0,0.0,0.0,0.0,0.0,0.0,0,self,94054000.0,943600,0,2347.193,2353.88,0
351,000016.SH,20231201.0,94057000,94057111.0,2365.9962,2362.6263,2346.8043,277874800.0,0.0,0.0,0.0,0.0,0.0,0.0,0,self,94057000.0,850700,0,2346.8043,2353.86,0
352,000016.SH,20231201.0,94100000,94100108.0,2365.9962,2362.6263,2346.8123,278579900.0,0.0,0.0,0.0,0.0,0.0,0.0,0,self,94100000.0,705100,0,2346.8123,2353.84,0
353,000016.SH,20231201.0,94103000,94103100.0,2365.9962,2362.6263,2346.6918,279177000.0,0.0,0.0,0.0,0.0,0.0,0.0,0,self,94103000.0,597100,0,2346.6918,2353.83,0
354,000016.SH,20231201.0,94104000,94104234.0,2365.9962,2362.6263,2346.6918,279177000.0,0.0,0.0,0.0,0.0,0.0,0.0,0,self,94104000.0,0,0,2346.6918,2353.83,0
355,000016.SH,20231201.0,94106000,94106095.0,2365.9962,2362.6263,2346.8108,279933000.0,0.0,0.0,0.0,0.0,0.0,0.0,0,self,94106000.0,756000,0,2346.8108,2353.81,0
356,000016.SH,20231201.0,94109000,94109116.0,2365.9962,2362.6263,2346.9871,280887900.0,0.0,0.0,0.0,0.0,0.0,0.0,0,self,94109000.0,954900,0,2346.9871,2353.79,0
357,000016.SH,20231201.0,94112000,94112094.0,2365.9962,2362.6263,2347.4025,281848000.0,0.0,0.0,0.0,0.0,0.0,0.0,0,self,94112000.0,960100,0,2347.4025,2353.77,0
358,000016.SH,20231201.0,94115000,94115118.0,2365.9962,2362.6263,2347.2988,282239900.0,0.0,0.0,0.0,0.0,0.0,0.0,0,self,94115000.0,391900,0,2347.2988,2353.76,0
359,000016.SH,20231201.0,94118000,94118089.0,2365.9962,2362.6263,2347.2141,282684900.0,0.0,0.0,0.0,0.0,0.0,0.0,0,self,94118000.0,445000,0,2347.2141,2353.75,0
360,000016.SH,20231201.0,94121000,94121101.0,2365.9962,2362.6263,2347.4847,283056100.0,0.0,0.0,0.0,0.0,0.0,0.0,0,self,94121000.0,371200,0,2347.4847,2353.74,0
361,000016.SH,20231201.0,94124000,94124111.0,2365.9962,2362.6263,2347.5581,284810000.0,0.0,0.0,0.0,0.0,0.0,0.0,0,self,94124000.0,1753900,0,2347.5581,2353.7,0
362,000016.SH,20231201.0,94127000,94127093.0,2365.9962,2362.6263,2347.4075,285660100.0,0.0,0.0,0.0,0.0,0.0,0.0,0,self,94127000.0,850100,0,2347.4075,2353.68,0
363,000016.SH,20231201.0,94130000,94130097.0,2365.9962,2362.6263,2347.5199,286228200.0,0.0,0.0,0.0,0.0,0.0,0.0,0,self,94130000.0,568100,0,2347.5199,2353.67,0
364,000016.SH,20231201.0,94133000,94133096.0,2365.9962,2362.6263,2347.4886,286863900.0,0.0,0.0,0.0,0.0,0.0,0.0,0,self,94133000.0,635700,0,2347.4886,2353.66,0
365,000016.SH,20231201.0,94134000,94134236.0,2365.9962,2362.6263,2347.4886,286863900.0,0.0,0.0,0.0,0.0,0.0,0.0,0,self,94134000.0,0,0,2347.4886,2353.66,0
366,000016.SH,20231201.0,94136000,94136090.0,2365.9962,2362.6263,2347.6533,287603200.0,0.0,0.0,0.0,0.0,0.0,0.0,0,self,94136000.0,739300,0,2347.6533,2353.64,0
367,000016.SH,20231201.0,94139000,94139099.0,2365.9962,2362.6263,2347.5905,288031900.0,0.0,0.0,0.0,0.0,0.0,0.0,0,self,94139000.0,428700,0,2347.5905,2353.63,0
368,000016.SH,20231201.0,94142000,94142102.0,2365.9962,2362.6263,2347.785,288583400.0,0.0,0.0,0.0,0.0,0.0,0.0,0,self,94142000.0,551500,0,2347.785,2353.62,0
369,000016.SH,20231201.0,94145000,94145122.0,2365.9962,2362.6263,2347.8754,289245000.0,0.0,0.0,0.0,0.0,0.0,0.0,0,self,94145000.0,661600,0,2347.8754,2353.61,0
370,000016.SH,20231201.0,94148000,94148091.0,2365.9962,2362.6263,2348.0362,289728500.0,0.0,0.0,0.0,0.0,0.0,0.0,0,self,94148000.0,483500,0,2348.0362,2353.6,0
371,000016.SH,20231201.0,94151000,94151095.0,2365.9962,2362.6263,2348.341,290593600.0,0.0,0.0,0.0,0.0,0.0,0.0,0,self,94151000.0,865100,0,2348.341,2353.58,0
372,000016.SH,20231201.0,94154000,94154119.0,2365.9962,2362.6263,2348.4802,291449700.0,0.0,0.0,0.0,0.0,0.0,0.0,0,self,94154000.0,856100,0,2348.4802,2353.57,0
373,000016.SH,20231201.0,94157000,94157114.0,2365.9962,2362.6263,2348.4993,292700600.0,0.0,0.0,0.0,0.0,0.0,0.0,0,self,94157000.0,1250900,0,2348.4993,2353.54,0
374,000016.SH,20231201.0,94200000,94200099.0,2365.9962,2362.6263,2348.8589,311287000.0,0.0,0.0,0.0,0.0,0.0,0.0,0,self,94200000.0,18586400,0,2348.8589,2353.27,0
375,000016.SH,20231201.0,94203000,94203103.0,2365.9962,2362.6263,2347.8034,316839100.0,0.0,0.0,0.0,0.0,0.0,0.0,0,self,94203000.0,5552100,0,2347.8034,2353.17,0
376,000016.SH,20231201.0,94204000,94204238.0,2365.9962,2362.6263,2347.8034,316839100.0,0.0,0.0,0.0,0.0,0.0,0.0,0,self,94204000.0,0,0,2347.8034,2353.17,0
377,000016.SH,20231201.0,94206000,94206123.0,2365.9962,2362.6263,2347.2989,317636900.0,0.0,0.0,0.0,0.0,0.0,0.0,0,self,94206000.0,797800,0,2347.2989,2353.15,0
378,000016.SH,20231201.0,94209000,94209117.0,2365.9962,2362.6263,2347.46,318386000.0,0.0,0.0,0.0,0.0,0.0,0.0,0,self,94209000.0,749100,0,2347.46,2353.14,0
379,000016.SH,20231201.0,94212000,94212103.0,2365.9962,2362.6263,2347.4281,318912300.0,0.0,0.0,0.0,0.0,0.0,0.0,0,self,94212000.0,526300,0,2347.4281,2353.13,0
380,000016.SH,20231201.0,94215000,94215107.0,2365.9962,2362.6263,2347.1547,319448400.0,0.0,0.0,0.0,0.0,0.0,0.0,0,self,94215000.0,536100,0,2347.1547,2353.12,0
381,000016.SH,20231201.0,94218000,94218124.0,2365.9962,2362.6263,2347.4258,320388300.0,0.0,0.0,0.0,0.0,0.0,0.0,0,self,94218000.0,939900,0,2347.4258,2353.11,0
382,000016.SH,20231201.0,94221000,94221184.0,2365.9962,2362.6263,2346.715,321148900.0,0.0,0.0,0.0,0.0,0.0,0.0,0,self,94221000.0,760600,0,2346.715,2353.09,0
383,000016.SH,20231201.0,94224000,94224120.0,2365.9962,2362.6263,2346.9557,321757200.0,0.0,0.0,0.0,0.0,0.0,0.0,0,self,94224000.0,608300,0,2346.9557,2353.08,0
384,000016.SH,20231201.0,94227000,94227118.0,2365.9962,2362.6263,2347.0338,322553200.0,0.0,0.0,0.0,0.0,0.0,0.0,0,self,94227000.0,796000,0,2347.0338,2353.06,0
385,000016.SH,20231201.0,94230000,94230121.0,2365.9962,2362.6263,2347.074,323193700.0,0.0,0.0,0.0,0.0,0.0,0.0,0,self,94230000.0,640500,0,2347.074,2353.05,0
386,000016.SH,20231201.0,94233000,94233104.0,2365.9962,2362.6263,2346.9807,323507700.0,0.0,0.0,0.0,0.0,0.0,0.0,0,self,94233000.0,314000,0,2346.9807,2353.05,0
387,000016.SH,20231201.0,94234000,94234236.0,2365.9962,2362.6263,2346.9807,323507700.0,0.0,0.0,0.0,0.0,0.0,0.0,0,self,94234000.0,0,0,2346.9807,2353.05,0
388,000016.SH,20231201.0,94236000,94236115.0,2365.9962,2362.6263,2346.9676,323880900.0,0.0,0.0,0.0,0.0,0.0,0.0,0,self,94236000.0,373200,0,2346.9676,2353.04,0
389,000016.SH,20231201.0,94239000,94239117.0,2365.9962,2362.6263,2346.8785,324414700.0,0.0,0.0,0.0,0.0,0.0,0.0,0,self,94239000.0,533800,0,2346.8785,2353.03,0
390,000016.SH,20231201.0,94242000,94242099.0,2365.9962,2362.6263,2346.7793,325034800.0,0.0,0.0,0.0,0.0,0.0,0.0,0,self,94242000.0,620100,0,2346.7793,2353.02,0
391,000016.SH,20231201.0,94245000,94245124.0,2365.9962,2362.6263,2346.7726,325612000.0,0.0,0.0,0.0,0.0,0.0,0.0,0,self,94245000.0,577200,0,2346.7726,2353.01,0
392,000016.SH,20231201.0,94248000,94248122.0,2365.9962,2362.6263,2346.6947,325993300.0,0.0,0.0,0.0,0.0,0.0,0.0,0,self,94248000.0,381300,0,2346.6947,2353.0,0
393,000016.SH,20231201.0,94251000,94251102.0,2365.9962,2362.6263,2346.7051,326472300.0,0.0,0.0,0.0,0.0,0.0,0.0,0,self,94251000.0,479000,0,2346.7051,2352.99,0
394,000016.SH,20231201.0,94254000,94254124.0,2365.9962,2362.6263,2346.8107,326849400.0,0.0,0.0,0.0,0.0,0.0,0.0,0,self,94254000.0,377100,0,2346.8107,2352.98,0
395,000016.SH,20231201.0,94257000,94257125.0,2365.9962,2362.6263,2347.1044,327663000.0,0.0,0.0,0.0,0.0,0.0,0.0,0,self,94257000.0,813600,0,2347.1044,2352.97,0
396,000016.SH,20231201.0,94300000,94300123.0,2365.9962,2362.6263,2346.5501,328557900.0,0.0,0.0,0.0,0.0,0.0,0.0,0,self,94300000.0,894900,0,2346.5501,2352.95,0
397,000016.SH,20231201.0,94303000,94303106.0,2365.9962,2362.6263,2346.6681,329177200.0,0.0,0.0,0.0,0.0,0.0,0.0,0,self,94303000.0,619300,0,2346.6681,2352.94,0
398,000016.SH,20231201.0,94304000,94304234.0,2365.9962,2362.6263,2346.6681,329177200.0,0.0,0.0,0.0,0.0,0.0,0.0,0,self,94304000.0,0,0,2346.6681,2352.94,0
399,000016.SH,20231201.0,94306000,94306120.0,2365.9962,2362.6263,2346.6548,330106600.0,0.0,0.0,0.0,0.0,0.0,0.0,0,self,94306000.0,929400,0,2346.6548,2352.92,0
400,000016.SH,20231201.0,94309000,94309122.0,2365.9962,2362.6263,2346.1659,330847100.0,0.0,0.0,0.0,0.0,0.0,0.0,0,self,94309000.0,740500,0,2346.1659,2352.91,0
401,000016.SH,20231201.0,94312000,94312120.0,2365.9962,2362.6263,2346.6227,331261100.0,0.0,0.0,0.0,0.0,0.0,0.0,0,self,94312000.0,414000,0,2346.6227,2352.9,0
402,000016.SH,20231201.0,94315000,94315142.0,2365.9962,2362.6263,2346.6364,331668200.0,0.0,0.0,0.0,0.0,0.0,0.0,0,self,94315000.0,407100,0,2346.6364,2352.89,0
403,000016.SH,20231201.0,94318000,94318112.0,2365.9962,2362.6263,2346.3446,332154800.0,0.0,0.0,0.0,0.0,0.0,0.0,0,self,94318000.0,486600,0,2346.3446,2352.88,0
404,000016.SH,20231201.0,94321000,94321120.0,2365.9962,2362.6263,2346.1094,332569400.0,0.0,0.0,0.0,0.0,0.0,0.0,0,self,94321000.0,414600,0,2346.1094,2352.87,0
405,000016.SH,20231201.0,94324000,94324113.0,2365.9962,2362.6263,2346.2303,333126900.0,0.0,0.0,0.0,0.0,0.0,0.0,0,self,94324000.0,557500,0,2346.2303,2352.86,0
406,000016.SH,20231201.0,94327000,94327115.0,2365.9962,2362.6263,2346.0701,333766700.0,0.0,0.0,0.0,0.0,0.0,0.0,0,self,94327000.0,639800,0,2346.0701,2352.85,0
407,000016.SH,20231201.0,94330000,94330118.0,2365.9962,2362.6263,2346.0016,334291200.0,0.0,0.0,0.0,0.0,0.0,0.0,0,self,94330000.0,524500,0,2346.0016,2352.84,0
408,000016.SH,20231201.0,94333000,94333126.0,2365.9962,2362.6263,2346.2135,334921100.0,0.0,0.0,0.0,0.0,0.0,0.0,0,self,94333000.0,629900,0,2346.2135,2352.82,0
409,000016.SH,20231201.0,94334000,94334238.0,2365.9962,2362.6263,2346.2135,334921100.0,0.0,0.0,0.0,0.0,0.0,0.0,0,self,94334000.0,0,0,2346.2135,2352.82,0
410,000016.SH,20231201.0,94336000,94336112.0,2365.9962,2362.6263,2346.093,335414000.0,0.0,0.0,0.0,0.0,0.0,0.0,0,self,94336000.0,492900,0,2346.093,2352.81,0
411,000016.SH,20231201.0,94339000,94339126.0,2365.9962,2362.6263,2345.9764,335909600.0,0.0,0.0,0.0,0.0,0.0,0.0,0,self,94339000.0,495600,0,2345.9764,2352.8,0
412,000016.SH,20231201.0,94342000,94342127.0,2365.9962,2362.6263,2346.2544,336344500.0,0.0,0.0,0.0,0.0,0.0,0.0,0,self,94342000.0,434900,0,2346.2544,2352.8,0
413,000016.SH,20231201.0,94345000,94345108.0,2365.9962,2362.6263,2346.4521,336844500.0,0.0,0.0,0.0,0.0,0.0,0.0,0,self,94345000.0,500000,0,2346.4521,2352.79,0
414,000016.SH,20231201.0,94348000,94348110.0,2365.9962,2362.6263,2346.3496,337438300.0,0.0,0.0,0.0,0.0,0.0,0.0,0,self,94348000.0,593800,0,2346.3496,2352.78,0
415,000016.SH,20231201.0,94351000,94351124.0,2365.9962,2362.6263,2346.5746,337846100.0,0.0,0.0,0.0,0.0,0.0,0.0,0,self,94351000.0,407800,0,2346.5746,2352.77,0
416,000016.SH,20231201.0,94354000,94354110.0,2365.9962,2362.6263,2346.3081,338202800.0,0.0,0.0,0.0,0.0,0.0,0.0,0,self,94354000.0,356700,0,2346.3081,2352.76,0
417,000016.SH,20231201.0,94357000,94357108.0,2365.9962,2362.6263,2345.7337,338809000.0,0.0,0.0,0.0,0.0,0.0,0.0,0,self,94357000.0,606200,0,2345.7337,2352.75,0
418,000016.SH,20231201.0,94400000,94400117.0,2365.9962,2362.6263,2345.9675,339540400.0,0.0,0.0,0.0,0.0,0.0,0.0,0,self,94400000.0,731400,0,2345.9675,2352.73,0
419,000016.SH,20231201.0,94403000,94403122.0,2365.9962,2362.6263,2346.082,340163600.0,0.0,0.0,0.0,0.0,0.0,0.0,0,self,94403000.0,623200,0,2346.082,2352.72,0
420,000016.SH,20231201.0,94404000,94404232.0,2365.9962,2362.6263,2346.082,340163600.0,0.0,0.0,0.0,0.0,0.0,0.0,0,self,94404000.0,0,0,2346.082,2352.72,0
421,000016.SH,20231201.0,94406000,94406113.0,2365.9962,2362.6263,2346.0935,340724400.0,0.0,0.0,0.0,0.0,0.0,0.0,0,self,94406000.0,560800,0,2346.0935,2352.71,0
422,000016.SH,20231201.0,94409000,94409109.0,2365.9962,2362.6263,2345.8226,341112200.0,0.0,0.0,0.0,0.0,0.0,0.0,0,self,94409000.0,387800,0,2345.8226,2352.7,0
423,000016.SH,20231201.0,94412000,94412124.0,2365.9962,2362.6263,2345.8978,341564600.0,0.0,0.0,0.0,0.0,0.0,0.0,0,self,94412000.0,452400,0,2345.8978,2352.69,0
424,000016.SH,20231201.0,94415000,94415109.0,2365.9962,2362.6263,2346.0945,342411200.0,0.0,0.0,0.0,0.0,0.0,0.0,0,self,94415000.0,846600,0,2346.0945,2352.68,0
425,000016.SH,20231201.0,94418000,94418112.0,2365.9962,2362.6263,2345.5585,343167900.0,0.0,0.0,0.0,0.0,0.0,0.0,0,self,94418000.0,756700,0,2345.5585,2352.66,0
426,000016.SH,20231201.0,94421000,94421145.0,2365.9962,2362.6263,2345.2381,344503300.0,0.0,0.0,0.0,0.0,0.0,0.0,0,self,94421000.0,1335400,0,2345.2381,2352.63,0
427,000016.SH,20231201.0,94424000,94424114.0,2365.9962,2362.6263,2345.3682,345672800.0,0.0,0.0,0.0,0.0,0.0,0.0,0,self,94424000.0,1169500,0,2345.3682,2352.61,0
428,000016.SH,20231201.0,94427000,94427118.0,2365.9962,2362.6263,2345.5447,346797400.0,0.0,0.0,0.0,0.0,0.0,0.0,0,self,94427000.0,1124600,0,2345.5447,2352.59,0
429,000016.SH,20231201.0,94430000,94430114.0,2365.9962,2362.6263,2345.0997,347474200.0,0.0,0.0,0.0,0.0,0.0,0.0,0,self,94430000.0,676800,0,2345.0997,2352.57,0
430,000016.SH,20231201.0,94433000,94433123.0,2365.9962,2362.6263,2345.0712,348598500.0,0.0,0.0,0.0,0.0,0.0,0.0,0,self,94433000.0,1124300,0,2345.0712,2352.55,0
431,000016.SH,20231201.0,94434000,94434235.0,2365.9962,2362.6263,2345.0712,348598500.0,0.0,0.0,0.0,0.0,0.0,0.0,0,self,94434000.0,0,0,2345.0712,2352.55,0
432,000016.SH,20231201.0,94436000,94436109.0,2365.9962,2362.6263,2345.3428,354686200.0,0.0,0.0,0.0,0.0,0.0,0.0,0,self,94436000.0,6087700,0,2345.3428,2352.42,0
433,000016.SH,20231201.0,94439000,94439112.0,2365.9962,2362.6263,2345.3257,355713800.0,0.0,0.0,0.0,0.0,0.0,0.0,0,self,94439000.0,1027600,0,2345.3257,2352.4,0
434,000016.SH,20231201.0,94442000,94442127.0,2365.9962,2362.6263,2345.5857,356665700.0,0.0,0.0,0.0,0.0,0.0,0.0,0,self,94442000.0,951900,0,2345.5857,2352.38,0
435,000016.SH,20231201.0,94445000,94445117.0,2365.9962,2362.6263,2345.2711,357259200.0,0.0,0.0,0.0,0.0,0.0,0.0,0,self,94445000.0,593500,0,2345.2711,2352.37,0
436,000016.SH,20231201.0,94448000,94448112.0,2365.9962,2362.6263,2345.4938,358045500.0,0.0,0.0,0.0,0.0,0.0,0.0,0,self,94448000.0,786300,0,2345.4938,2352.36,0
437,000016.SH,20231201.0,94451000,94451121.0,2365.9962,2362.6263,2345.4313,358374100.0,0.0,0.0,0.0,0.0,0.0,0.0,0,self,94451000.0,328600,0,2345.4313,2352.35,0
438,000016.SH,20231201.0,94454000,94454108.0,2365.9962,2362.6263,2345.5946,358874500.0,0.0,0.0,0.0,0.0,0.0,0.0,0,self,94454000.0,500400,0,2345.5946,2352.34,0
439,000016.SH,20231201.0,94457000,94457113.0,2365.9962,2362.6263,2345.3681,359287600.0,0.0,0.0,0.0,0.0,0.0,0.0,0,self,94457000.0,413100,0,2345.3681,2352.33,0
440,000016.SH,20231201.0,94500000,94500114.0,2365.9962,2362.6263,2345.4129,360176700.0,0.0,0.0,0.0,0.0,0.0,0.0,0,self,94500000.0,889100,0,2345.4129,2352.32,0
441,000016.SH,20231201.0,94503000,94503124.0,2365.9962,2362.6263,2345.2973,360772200.0,0.0,0.0,0.0,0.0,0.0,0.0,0,self,94503000.0,595500,0,2345.2973,2352.3,0
442,000016.SH,20231201.0,94504000,94504297.0,2365.9962,2362.6263,2345.2973,360772200.0,0.0,0.0,0.0,0.0,0.0,0.0,0,self,94504000.0,0,0,2345.2973,2352.3,0
443,000016.SH,20231201.0,94506000,94506117.0,2365.9962,2362.6263,2347.2994,362772800.0,0.0,0.0,0.0,0.0,0.0,0.0,0,self,94506000.0,2000600,0,2347.2994,2352.28,0
444,000016.SH,20231201.0,94509000,94509114.0,2365.9962,2362.6263,2347.5532,365921700.0,0.0,0.0,0.0,0.0,0.0,0.0,0,self,94509000.0,3148900,0,2347.5532,2352.24,0
445,000016.SH,20231201.0,94512000,94512131.0,2365.9962,2362.6263,2347.5149,367358900.0,0.0,0.0,0.0,0.0,0.0,0.0,0,self,94512000.0,1437200,0,2347.5149,2352.22,0
446,000016.SH,20231201.0,94515000,94515157.0,2365.9962,2362.6263,2347.2345,368378200.0,0.0,0.0,0.0,0.0,0.0,0.0,0,self,94515000.0,1019300,0,2347.2345,2352.2,0
447,000016.SH,20231201.0,94518000,94518114.0,2365.9962,2362.6263,2347.0626,369931700.0,0.0,0.0,0.0,0.0,0.0,0.0,0,self,94518000.0,1553500,0,2347.0626,2352.18,0
448,000016.SH,20231201.0,94521000,94521131.0,2365.9962,2362.6263,2347.0277,371661000.0,0.0,0.0,0.0,0.0,0.0,0.0,0,self,94521000.0,1729300,0,2347.0277,2352.16,0
449,000016.SH,20231201.0,94524000,94524117.0,2365.9962,2362.6263,2346.9573,372769800.0,0.0,0.0,0.0,0.0,0.0,0.0,0,self,94524000.0,1108800,0,2346.9573,2352.14,0
450,000016.SH,20231201.0,94527000,94527110.0,2365.9962,2362.6263,2347.0324,373658200.0,0.0,0.0,0.0,0.0,0.0,0.0,0,self,94527000.0,888400,0,2347.0324,2352.13,0
451,000016.SH,20231201.0,94530000,94530132.0,2365.9962,2362.6263,2347.3781,374116800.0,0.0,0.0,0.0,0.0,0.0,0.0,0,self,94530000.0,458600,0,2347.3781,2352.13,0
452,000016.SH,20231201.0,94533000,94533132.0,2365.9962,2362.6263,2347.5904,374777900.0,0.0,0.0,0.0,0.0,0.0,0.0,0,self,94533000.0,661100,0,2347.5904,2352.12,0
453,000016.SH,20231201.0,94534000,94534230.0,2365.9962,2362.6263,2347.5904,374777900.0,0.0,0.0,0.0,0.0,0.0,0.0,0,self,94534000.0,0,0,2347.5904,2352.12,0
454,000016.SH,20231201.0,94536000,94536136.0,2365.9962,2362.6263,2347.5903,375520500.0,0.0,0.0,0.0,0.0,0.0,0.0,0,self,94536000.0,742600,0,2347.5903,2352.11,0
455,000016.SH,20231201.0,94539000,94539131.0,2365.9962,2362.6263,2347.4196,376222900.0,0.0,0.0,0.0,0.0,0.0,0.0,0,self,94539000.0,702400,0,2347.4196,2352.1,0
456,000016.SH,20231201.0,94542000,94542126.0,2365.9962,2362.6263,2347.7323,376594500.0,0.0,0.0,0.0,0.0,0.0,0.0,0,self,94542000.0,371600,0,2347.7323,2352.1,0
457,000016.SH,20231201.0,94545000,94545116.0,2365.9962,2362.6263,2347.5958,377504600.0,0.0,0.0,0.0,0.0,0.0,0.0,0,self,94545000.0,910100,0,2347.5958,2352.08,0
458,000016.SH,20231201.0,94548000,94548120.0,2365.9962,2362.6263,2347.8278,378199400.0,0.0,0.0,0.0,0.0,0.0,0.0,0,self,94548000.0,694800,0,2347.8278,2352.08,0
459,000016.SH,20231201.0,94551000,94551117.0,2365.9962,2362.6263,2348.0473,379094400.0,0.0,0.0,0.0,0.0,0.0,0.0,0,self,94551000.0,895000,0,2348.0473,2352.07,0
460,000016.SH,20231201.0,94554000,94554117.0,2365.9962,2362.6263,2348.3721,379490200.0,0.0,0.0,0.0,0.0,0.0,0.0,0,self,94554000.0,395800,0,2348.3721,2352.06,0
461,000016.SH,20231201.0,94557000,94557118.0,2365.9962,2362.6263,2348.2455,380090500.0,0.0,0.0,0.0,0.0,0.0,0.0,0,self,94557000.0,600300,0,2348.2455,2352.06,0
462,000016.SH,20231201.0,94600000,94600116.0,2365.9962,2362.6263,2348.5327,380347700.0,0.0,0.0,0.0,0.0,0.0,0.0,0,self,94600000.0,257200,0,2348.5327,2352.05,0
463,000016.SH,20231201.0,94603000,94603126.0,2365.9962,2362.6263,2348.2779,380769900.0,0.0,0.0,0.0,0.0,0.0,0.0,0,self,94603000.0,422200,0,2348.2779,2352.05,0
464,000016.SH,20231201.0,94604000,94604232.0,2365.9962,2362.6263,2348.2779,380769900.0,0.0,0.0,0.0,0.0,0.0,0.0,0,self,94604000.0,0,0,2348.2779,2352.05,0
465,000016.SH,20231201.0,94606000,94606123.0,2365.9962,2362.6263,2348.3124,381367700.0,0.0,0.0,0.0,0.0,0.0,0.0,0,self,94606000.0,597800,0,2348.3124,2352.04,0
466,000016.SH,20231201.0,94609000,94609116.0,2365.9962,2362.6263,2348.057,383887600.0,0.0,0.0,0.0,0.0,0.0,0.0,0,self,94609000.0,2519900,0,2348.057,2352.02,0
467,000016.SH,20231201.0,94612000,94612116.0,2365.9962,2362.6263,2348.013,384369200.0,0.0,0.0,0.0,0.0,0.0,0.0,0,self,94612000.0,481600,0,2348.013,2352.01,0
468,000016.SH,20231201.0,94615000,94615119.0,2365.9962,2362.6263,2348.0978,384717000.0,0.0,0.0,0.0,0.0,0.0,0.0,0,self,94615000.0,347800,0,2348.0978,2352.01,0
469,000016.SH,20231201.0,94618000,94618118.0,2365.9962,2362.6263,2348.2637,385421500.0,0.0,0.0,0.0,0.0,0.0,0.0,0,self,94618000.0,704500,0,2348.2637,2352.0,0
470,000016.SH,20231201.0,94621000,94621119.0,2365.9962,2362.6263,2348.453,385753700.0,0.0,0.0,0.0,0.0,0.0,0.0,0,self,94621000.0,332200,0,2348.453,2352.0,0
471,000016.SH,20231201.0,94624000,94624117.0,2365.9962,2362.6263,2348.278,386676600.0,0.0,0.0,0.0,0.0,0.0,0.0,0,self,94624000.0,922900,0,2348.278,2351.99,0
472,000016.SH,20231201.0,94627000,94627124.0,2365.9962,2362.6263,2348.7026,387601300.0,0.0,0.0,0.0,0.0,0.0,0.0,0,self,94627000.0,924700,0,2348.7026,2351.98,0
473,000016.SH,20231201.0,94630000,94630121.0,2365.9962,2362.6263,2349.399,388914500.0,0.0,0.0,0.0,0.0,0.0,0.0,0,self,94630000.0,1313200,0,2349.399,2351.97,0
474,000016.SH,20231201.0,94633000,94633131.0,2365.9962,2362.6263,2349.0849,390537200.0,0.0,0.0,0.0,0.0,0.0,0.0,0,self,94633000.0,1622700,0,2349.0849,2351.96,0
475,000016.SH,20231201.0,94634000,94634234.0,2365.9962,2362.6263,2349.0849,390537200.0,0.0,0.0,0.0,0.0,0.0,0.0,0,self,94634000.0,0,0,2349.0849,2351.96,0
476,000016.SH,20231201.0,94636000,94636121.0,2365.9962,2362.6263,2349.4985,390858700.0,0.0,0.0,0.0,0.0,0.0,0.0,0,self,94636000.0,321500,0,2349.4985,2351.96,0
477,000016.SH,20231201.0,94639000,94639138.0,2365.9962,2362.6263,2349.2409,391181200.0,0.0,0.0,0.0,0.0,0.0,0.0,0,self,94639000.0,322500,0,2349.2409,2351.96,0
478,000016.SH,20231201.0,94642000,94642142.0,2365.9962,2362.6263,2349.4659,391434100.0,0.0,0.0,0.0,0.0,0.0,0.0,0,self,94642000.0,252900,0,2349.4659,2351.96,0
479,000016.SH,20231201.0,94645000,94645130.0,2365.9962,2362.6263,2349.1551,391718700.0,0.0,0.0,0.0,0.0,0.0,0.0,0,self,94645000.0,284600,0,2349.1551,2351.95,0
480,000016.SH,20231201.0,94648000,94648165.0,2365.9962,2362.6263,2349.1961,392498600.0,0.0,0.0,0.0,0.0,0.0,0.0,0,self,94648000.0,779900,0,2349.1961,2351.95,0
481,000016.SH,20231201.0,94651000,94651138.0,2365.9962,2362.6263,2349.5958,392999600.0,0.0,0.0,0.0,0.0,0.0,0.0,0,self,94651000.0,501000,0,2349.5958,2351.95,0
482,000016.SH,20231201.0,94654000,94654119.0,2365.9962,2362.6263,2349.7023,393421600.0,0.0,0.0,0.0,0.0,0.0,0.0,0,self,94654000.0,422000,0,2349.7023,2351.94,0
483,000016.SH,20231201.0,94657000,94657115.0,2365.9962,2362.6263,2349.6033,393753600.0,0.0,0.0,0.0,0.0,0.0,0.0,0,self,94657000.0,332000,0,2349.6033,2351.94,0
484,000016.SH,20231201.0,94700000,94700115.0,2365.9962,2362.6263,2349.8065,394105800.0,0.0,0.0,0.0,0.0,0.0,0.0,0,self,94700000.0,352200,0,2349.8065,2351.94,0
485,000016.SH,20231201.0,94703000,94703133.0,2365.9962,2362.6263,2349.4508,394870400.0,0.0,0.0,0.0,0.0,0.0,0.0,0,self,94703000.0,764600,0,2349.4508,2351.94,0
486,000016.SH,20231201.0,94704000,94704224.0,2365.9962,2362.6263,2349.4508,394870400.0,0.0,0.0,0.0,0.0,0.0,0.0,0,self,94704000.0,0,0,2349.4508,2351.94,0
487,000016.SH,20231201.0,94706000,94706109.0,2365.9962,2362.6263,2349.9002,395328200.0,0.0,0.0,0.0,0.0,0.0,0.0,0,self,94706000.0,457800,0,2349.9002,2351.93,0
488,000016.SH,20231201.0,94709000,94709110.0,2365.9962,2362.6263,2349.6568,395942200.0,0.0,0.0,0.0,0.0,0.0,0.0,0,self,94709000.0,614000,0,2349.6568,2351.93,0
489,000016.SH,20231201.0,94712000,94712123.0,2365.9962,2362.6263,2349.8945,396176200.0,0.0,0.0,0.0,0.0,0.0,0.0,0,self,94712000.0,234000,0,2349.8945,2351.93,0
490,000016.SH,20231201.0,94715000,94715106.0,2365.9962,2362.6263,2349.61,396956800.0,0.0,0.0,0.0,0.0,0.0,0.0,0,self,94715000.0,780600,0,2349.61,2351.92,0
491,000016.SH,20231201.0,94718000,94718121.0,2365.9962,2362.6263,2349.8769,397657000.0,0.0,0.0,0.0,0.0,0.0,0.0,0,self,94718000.0,700200,0,2349.8769,2351.92,0
492,000016.SH,20231201.0,94721000,94721118.0,2365.9962,2362.6263,2349.7696,398090300.0,0.0,0.0,0.0,0.0,0.0,0.0,0,self,94721000.0,433300,0,2349.7696,2351.92,0
493,000016.SH,20231201.0,94724000,94724114.0,2365.9962,2362.6263,2349.673,398304000.0,0.0,0.0,0.0,0.0,0.0,0.0,0,self,94724000.0,213700,0,2349.673,2351.92,0
494,000016.SH,20231201.0,94727000,94727127.0,2365.9962,2362.6263,2349.779,398517700.0,0.0,0.0,0.0,0.0,0.0,0.0,0,self,94727000.0,213700,0,2349.779,2351.92,0
495,000016.SH,20231201.0,94730000,94730122.0,2365.9962,2362.6263,2349.8366,398838300.0,0.0,0.0,0.0,0.0,0.0,0.0,0,self,94730000.0,320600,0,2349.8366,2351.91,0
496,000016.SH,20231201.0,94733000,94733135.0,2365.9962,2362.6263,2349.5897,399230100.0,0.0,0.0,0.0,0.0,0.0,0.0,0,self,94733000.0,391800,0,2349.5897,2351.91,0
497,000016.SH,20231201.0,94734000,94734244.0,2365.9962,2362.6263,2349.5897,399230100.0,0.0,0.0,0.0,0.0,0.0,0.0,0,self,94734000.0,0,0,2349.5897,2351.91,0
498,000016.SH,20231201.0,94736000,94736118.0,2365.9962,2362.6263,2349.9257,399687100.0,0.0,0.0,0.0,0.0,0.0,0.0,0,self,94736000.0,457000,0,2349.9257,2351.91,0
499,000016.SH,20231201.0,94739000,94739121.0,2365.9962,2362.6263,2349.9776,400080400.0,0.0,0.0,0.0,0.0,0.0,0.0,0,self,94739000.0,393300,0,2349.9776,2351.91,0
500,000016.SH,20231201.0,94742000,94742126.0,2365.9962,2362.6263,2350.0336,400313700.0,0.0,0.0,0.0,0.0,0.0,0.0,0,self,94742000.0,233300,0,2350.0336,2351.91,0
501,000016.SH,20231201.0,94745000,94745153.0,2365.9962,2362.6263,2349.8593,400620000.0,0.0,0.0,0.0,0.0,0.0,0.0,0,self,94745000.0,306300,0,2349.8593,2351.9,0
502,000016.SH,20231201.0,94748000,94748117.0,2365.9962,2362.6263,2349.8323,400834700.0,0.0,0.0,0.0,0.0,0.0,0.0,0,self,94748000.0,214700,0,2349.8323,2351.9,0
503,000016.SH,20231201.0,94751000,94751124.0,2365.9962,2362.6263,2350.0714,401111400.0,0.0,0.0,0.0,0.0,0.0,0.0,0,self,94751000.0,276700,0,2350.0714,2351.9,0
504,000016.SH,20231201.0,94754000,94754106.0,2365.9962,2362.6263,2350.1484,401416500.0,0.0,0.0,0.0,0.0,0.0,0.0,0,self,94754000.0,305100,0,2350.1484,2351.9,0
505,000016.SH,20231201.0,94757000,94757115.0,2365.9962,2362.6263,2350.2181,401645200.0,0.0,0.0,0.0,0.0,0.0,0.0,0,self,94757000.0,228700,0,2350.2181,2351.9,0
506,000016.SH,20231201.0,94800000,94800134.0,2365.9962,2362.6263,2350.219,401859500.0,0.0,0.0,0.0,0.0,0.0,0.0,0,self,94800000.0,214300,0,2350.219,2351.9,0
507,000016.SH,20231201.0,94803000,94803118.0,2365.9962,2362.6263,2349.8811,402152200.0,0.0,0.0,0.0,0.0,0.0,0.0,0,self,94803000.0,292700,0,2349.8811,2351.9,0
508,000016.SH,20231201.0,94804000,94804236.0,2365.9962,2362.6263,2349.8811,402152200.0,0.0,0.0,0.0,0.0,0.0,0.0,0,self,94804000.0,0,0,2349.8811,2351.9,0
509,000016.SH,20231201.0,94806000,94806134.0,2365.9962,2362.6263,2350.1604,402630900.0,0.0,0.0,0.0,0.0,0.0,0.0,0,self,94806000.0,478700,0,2350.1604,2351.9,0
510,000016.SH,20231201.0,94809000,94809132.0,2365.9962,2362.6263,2349.6626,403636800.0,0.0,0.0,0.0,0.0,0.0,0.0,0,self,94809000.0,1005900,0,2349.6626,2351.89,0
511,000016.SH,20231201.0,94812000,94812120.0,2365.9962,2362.6263,2349.0461,404677500.0,0.0,0.0,0.0,0.0,0.0,0.0,0,self,94812000.0,1040700,0,2349.0461,2351.88,0
512,000016.SH,20231201.0,94815000,94815116.0,2365.9962,2362.6263,2348.9446,405478900.0,0.0,0.0,0.0,0.0,0.0,0.0,0,self,94815000.0,801400,0,2348.9446,2351.88,0
513,000016.SH,20231201.0,94818000,94818126.0,2365.9962,2362.6263,2348.8222,406380000.0,0.0,0.0,0.0,0.0,0.0,0.0,0,self,94818000.0,901100,0,2348.8222,2351.87,0
514,000016.SH,20231201.0,94821000,94821134.0,2365.9962,2362.6263,2349.219,406882300.0,0.0,0.0,0.0,0.0,0.0,0.0,0,self,94821000.0,502300,0,2349.219,2351.87,0
515,000016.SH,20231201.0,94824000,94824113.0,2365.9962,2362.6263,2349.0745,407191800.0,0.0,0.0,0.0,0.0,0.0,0.0,0,self,94824000.0,309500,0,2349.0745,2351.86,0
516,000016.SH,20231201.0,94827000,94827134.0,2365.9962,2362.6263,2349.1567,407604400.0,0.0,0.0,0.0,0.0,0.0,0.0,0,self,94827000.0,412600,0,2349.1567,2351.86,0
517,000016.SH,20231201.0,94830000,94830140.0,2365.9962,2362.6263,2349.099,408379600.0,0.0,0.0,0.0,0.0,0.0,0.0,0,self,94830000.0,775200,0,2349.099,2351.86,0
518,000016.SH,20231201.0,94833000,94833124.0,2365.9962,2362.6263,2349.0534,408775000.0,0.0,0.0,0.0,0.0,0.0,0.0,0,self,94833000.0,395400,0,2349.0534,2351.85,0
519,000016.SH,20231201.0,94834000,94834237.0,2365.9962,2362.6263,2349.0534,408775000.0,0.0,0.0,0.0,0.0,0.0,0.0,0,self,94834000.0,0,0,2349.0534,2351.85,0
520,000016.SH,20231201.0,94836000,94836119.0,2365.9962,2362.6263,2348.9086,409308600.0,0.0,0.0,0.0,0.0,0.0,0.0,0,self,94836000.0,533600,0,2348.9086,2351.85,0
521,000016.SH,20231201.0,94839000,94839113.0,2365.9962,2362.6263,2349.1212,409582600.0,0.0,0.0,0.0,0.0,0.0,0.0,0,self,94839000.0,274000,0,2349.1212,2351.85,0
522,000016.SH,20231201.0,94842000,94842127.0,2365.9962,2362.6263,2349.2657,409857100.0,0.0,0.0,0.0,0.0,0.0,0.0,0,self,94842000.0,274500,0,2349.2657,2351.85,0
523,000016.SH,20231201.0,94845000,94845115.0,2365.9962,2362.6263,2349.3495,410014000.0,0.0,0.0,0.0,0.0,0.0,0.0,0,self,94845000.0,156900,0,2349.3495,2351.85,0
524,000016.SH,20231201.0,94848000,94848113.0,2365.9962,2362.6263,2349.565,410423000.0,0.0,0.0,0.0,0.0,0.0,0.0,0,self,94848000.0,409000,0,2349.565,2351.84,0
525,000016.SH,20231201.0,94851000,94851114.0,2365.9962,2362.6263,2349.3893,410792000.0,0.0,0.0,0.0,0.0,0.0,0.0,0,self,94851000.0,369000,0,2349.3893,2351.84,0
526,000016.SH,20231201.0,94854000,94854115.0,2365.9962,2362.6263,2349.5531,412433300.0,0.0,0.0,0.0,0.0,0.0,0.0,0,self,94854000.0,1641300,0,2349.5531,2351.83,0
527,000016.SH,20231201.0,94857000,94857115.0,2365.9962,2362.6263,2349.665,412678100.0,0.0,0.0,0.0,0.0,0.0,0.0,0,self,94857000.0,244800,0,2349.665,2351.83,0
528,000016.SH,20231201.0,94900000,94900116.0,2365.9962,2362.6263,2349.4638,413133900.0,0.0,0.0,0.0,0.0,0.0,0.0,0,self,94900000.0,455800,0,2349.4638,2351.83,0
529,000016.SH,20231201.0,94903000,94903130.0,2365.9962,2362.6263,2349.6823,413635000.0,0.0,0.0,0.0,0.0,0.0,0.0,0,self,94903000.0,501100,0,2349.6823,2351.83,0
530,000016.SH,20231201.0,94904000,94904233.0,2365.9962,2362.6263,2349.6823,413635000.0,0.0,0.0,0.0,0.0,0.0,0.0,0,self,94904000.0,0,0,2349.6823,2351.83,0
531,000016.SH,20231201.0,94906000,94906115.0,2365.9962,2362.6263,2349.9034,414133600.0,0.0,0.0,0.0,0.0,0.0,0.0,0,self,94906000.0,498600,0,2349.9034,2351.82,0
532,000016.SH,20231201.0,94909000,94909118.0,2365.9962,2362.6263,2349.5965,414651300.0,0.0,0.0,0.0,0.0,0.0,0.0,0,self,94909000.0,517700,0,2349.5965,2351.82,0
533,000016.SH,20231201.0,94912000,94912117.0,2365.9962,2362.6263,2349.4902,415119500.0,0.0,0.0,0.0,0.0,0.0,0.0,0,self,94912000.0,468200,0,2349.4902,2351.82,0
534,000016.SH,20231201.0,94915000,94915118.0,2365.9962,2362.6263,2349.4783,415445900.0,0.0,0.0,0.0,0.0,0.0,0.0,0,self,94915000.0,326400,0,2349.4783,2351.82,0
535,000016.SH,20231201.0,94918000,94918131.0,2365.9962,2362.6263,2349.3655,416051100.0,0.0,0.0,0.0,0.0,0.0,0.0,0,self,94918000.0,605200,0,2349.3655,2351.81,0
536,000016.SH,20231201.0,94921000,94921132.0,2365.9962,2362.6263,2349.6198,416854900.0,0.0,0.0,0.0,0.0,0.0,0.0,0,self,94921000.0,803800,0,2349.6198,2351.81,0
537,000016.SH,20231201.0,94924000,94924117.0,2365.9962,2362.6263,2349.4431,417165600.0,0.0,0.0,0.0,0.0,0.0,0.0,0,self,94924000.0,310700,0,2349.4431,2351.81,0
538,000016.SH,20231201.0,94927000,94927132.0,2365.9962,2362.6263,2349.3699,417469500.0,0.0,0.0,0.0,0.0,0.0,0.0,0,self,94927000.0,303900,0,2349.3699,2351.8,0
539,000016.SH,20231201.0,94930000,94930139.0,2365.9962,2362.6263,2349.4194,418374100.0,0.0,0.0,0.0,0.0,0.0,0.0,0,self,94930000.0,904600,0,2349.4194,2351.8,0
540,000016.SH,20231201.0,94933000,94933132.0,2365.9962,2362.6263,2349.1975,419299100.0,0.0,0.0,0.0,0.0,0.0,0.0,0,self,94933000.0,925000,0,2349.1975,2351.79,0
541,000016.SH,20231201.0,94934000,94934240.0,2365.9962,2362.6263,2349.1975,419299100.0,0.0,0.0,0.0,0.0,0.0,0.0,0,self,94934000.0,0,0,2349.1975,2351.79,0
542,000016.SH,20231201.0,94936000,94936132.0,2365.9962,2362.6263,2349.4578,419571900.0,0.0,0.0,0.0,0.0,0.0,0.0,0,self,94936000.0,272800,0,2349.4578,2351.79,0
543,000016.SH,20231201.0,94939000,94939127.0,2365.9962,2362.6263,2349.1041,419946600.0,0.0,0.0,0.0,0.0,0.0,0.0,0,self,94939000.0,374700,0,2349.1041,2351.79,0
544,000016.SH,20231201.0,94942000,94942127.0,2365.9962,2362.6263,2349.1384,420525200.0,0.0,0.0,0.0,0.0,0.0,0.0,0,self,94942000.0,578600,0,2349.1384,2351.79,0
545,000016.SH,20231201.0,94945000,94945114.0,2365.9962,2362.6263,2349.266,421088600.0,0.0,0.0,0.0,0.0,0.0,0.0,0,self,94945000.0,563400,0,2349.266,2351.78,0
546,000016.SH,20231201.0,94948000,94948117.0,2365.9962,2362.6263,2349.4263,421399300.0,0.0,0.0,0.0,0.0,0.0,0.0,0,self,94948000.0,310700,0,2349.4263,2351.78,0
547,000016.SH,20231201.0,94951000,94951128.0,2365.9962,2362.6263,2349.2663,422330400.0,0.0,0.0,0.0,0.0,0.0,0.0,0,self,94951000.0,931100,0,2349.2663,2351.78,0
548,000016.SH,20231201.0,94954000,94954117.0,2365.9962,2362.6263,2348.9357,422605500.0,0.0,0.0,0.0,0.0,0.0,0.0,0,self,94954000.0,275100,0,2348.9357,2351.77,0
549,000016.SH,20231201.0,94957000,94957117.0,2365.9962,2362.6263,2348.5646,422944100.0,0.0,0.0,0.0,0.0,0.0,0.0,0,self,94957000.0,338600,0,2348.5646,2351.77,0
550,000016.SH,20231201.0,95000000,95000134.0,2365.9962,2362.6263,2348.3592,423576700.0,0.0,0.0,0.0,0.0,0.0,0.0,0,self,95000000.0,632600,0,2348.3592,2351.77,0
551,000016.SH,20231201.0,95003000,95003130.0,2365.9962,2362.6263,2348.1533,424954400.0,0.0,0.0,0.0,0.0,0.0,0.0,0,self,95003000.0,1377700,0,2348.1533,2351.75,0
552,000016.SH,20231201.0,95004000,95004240.0,2365.9962,2362.6263,2348.1533,424954400.0,0.0,0.0,0.0,0.0,0.0,0.0,0,self,95004000.0,0,0,2348.1533,2351.75,0
553,000016.SH,20231201.0,95006000,95006148.0,2365.9962,2362.6263,2348.0663,425944100.0,0.0,0.0,0.0,0.0,0.0,0.0,0,self,95006000.0,989700,0,2348.0663,2351.75,0
554,000016.SH,20231201.0,95009000,95009115.0,2365.9962,2362.6263,2347.59,426607100.0,0.0,0.0,0.0,0.0,0.0,0.0,0,self,95009000.0,663000,0,2347.59,2351.74,0
555,000016.SH,20231201.0,95012000,95012127.0,2365.9962,2362.6263,2347.8701,427093500.0,0.0,0.0,0.0,0.0,0.0,0.0,0,self,95012000.0,486400,0,2347.8701,2351.73,0
556,000016.SH,20231201.0,95015000,95015197.0,2365.9962,2362.6263,2347.6501,428284200.0,0.0,0.0,0.0,0.0,0.0,0.0,0,self,95015000.0,1190700,0,2347.6501,2351.72,0
557,000016.SH,20231201.0,95018000,95018128.0,2365.9962,2362.6263,2348.1446,428770000.0,0.0,0.0,0.0,0.0,0.0,0.0,0,self,95018000.0,485800,0,2348.1446,2351.72,0
558,000016.SH,20231201.0,95021000,95021126.0,2365.9962,2362.6263,2348.5406,429371400.0,0.0,0.0,0.0,0.0,0.0,0.0,0,self,95021000.0,601400,0,2348.5406,2351.71,0
559,000016.SH,20231201.0,95024000,95024123.0,2365.9962,2362.6263,2348.4841,429866400.0,0.0,0.0,0.0,0.0,0.0,0.0,0,self,95024000.0,495000,0,2348.4841,2351.71,0
560,000016.SH,20231201.0,95027000,95027139.0,2365.9962,2362.6263,2348.8974,430539200.0,0.0,0.0,0.0,0.0,0.0,0.0,0,self,95027000.0,672800,0,2348.8974,2351.71,0
561,000016.SH,20231201.0,95030000,95030123.0,2365.9962,2362.6263,2349.5211,431055600.0,0.0,0.0,0.0,0.0,0.0,0.0,0,self,95030000.0,516400,0,2349.5211,2351.7,0
562,000016.SH,20231201.0,95033000,95033128.0,2365.9962,2362.6263,2349.1372,431646800.0,0.0,0.0,0.0,0.0,0.0,0.0,0,self,95033000.0,591200,0,2349.1372,2351.7,0
563,000016.SH,20231201.0,95034000,95034237.0,2365.9962,2362.6263,2349.1372,431646800.0,0.0,0.0,0.0,0.0,0.0,0.0,0,self,95034000.0,0,0,2349.1372,2351.7,0
564,000016.SH,20231201.0,95036000,95036122.0,2365.9962,2362.6263,2349.9053,432042400.0,0.0,0.0,0.0,0.0,0.0,0.0,0,self,95036000.0,395600,0,2349.9053,2351.7,0
565,000016.SH,20231201.0,95039000,95039140.0,2365.9962,2362.6263,2349.4621,433378000.0,0.0,0.0,0.0,0.0,0.0,0.0,0,self,95039000.0,1335600,0,2349.4621,2351.69,0
566,000016.SH,20231201.0,95042000,95042130.0,2365.9962,2362.6263,2350.001,434177400.0,0.0,0.0,0.0,0.0,0.0,0.0,0,self,95042000.0,799400,0,2350.001,2351.69,0
567,000016.SH,20231201.0,95045000,95045144.0,2365.9962,2362.6263,2350.523,434721000.0,0.0,0.0,0.0,0.0,0.0,0.0,0,self,95045000.0,543600,0,2350.523,2351.69,0
568,000016.SH,20231201.0,95048000,95048122.0,2365.9962,2362.6263,2350.051,435115700.0,0.0,0.0,0.0,0.0,0.0,0.0,0,self,95048000.0,394700,0,2350.051,2351.69,0
569,000016.SH,20231201.0,95051000,95051117.0,2365.9962,2362.6263,2350.384,435518900.0,0.0,0.0,0.0,0.0,0.0,0.0,0,self,95051000.0,403200,0,2350.384,2351.68,0
570,000016.SH,20231201.0,95054000,95054140.0,2365.9962,2362.6263,2350.5185,436791100.0,0.0,0.0,0.0,0.0,0.0,0.0,0,self,95054000.0,1272200,0,2350.5185,2351.68,0
571,000016.SH,20231201.0,95057000,95057139.0,2365.9962,2362.6263,2350.7438,441065000.0,0.0,0.0,0.0,0.0,0.0,0.0,0,self,95057000.0,4273900,0,2350.7438,2351.67,0
572,000016.SH,20231201.0,95100000,95100145.0,2365.9962,2362.6263,2351.1364,443242300.0,0.0,0.0,0.0,0.0,0.0,0.0,0,self,95100000.0,2177300,0,2351.1364,2351.67,0
573,000016.SH,20231201.0,95103000,95103120.0,2365.9962,2362.6263,2351.1256,449312300.0,0.0,0.0,0.0,0.0,0.0,0.0,0,self,95103000.0,6070000,0,2351.1256,2351.66,0
574,000016.SH,20231201.0,95104000,95104238.0,2365.9962,2362.6263,2351.1256,449312300.0,0.0,0.0,0.0,0.0,0.0,0.0,0,self,95104000.0,0,0,2351.1256,2351.66,0
575,000016.SH,20231201.0,95106000,95106127.0,2365.9962,2362.6263,2351.7231,450248200.0,0.0,0.0,0.0,0.0,0.0,0.0,0,self,95106000.0,935900,0,2351.7231,2351.66,0
576,000016.SH,20231201.0,95109000,95109138.0,2365.9962,2362.6263,2351.6546,450799400.0,0.0,0.0,0.0,0.0,0.0,0.0,0,self,95109000.0,551200,0,2351.6546,2351.66,0
577,000016.SH,20231201.0,95112000,95112127.0,2365.9962,2362.6263,2352.5459,451551800.0,0.0,0.0,0.0,0.0,0.0,0.0,0,self,95112000.0,752400,0,2352.5459,2351.66,0
578,000016.SH,20231201.0,95115000,95115189.0,2365.9962,2362.6263,2352.561,452181100.0,0.0,0.0,0.0,0.0,0.0,0.0,0,self,95115000.0,629300,0,2352.561,2351.67,0
579,000016.SH,20231201.0,95118000,95118124.0,2365.9962,2362.6263,2352.2625,454280200.0,0.0,0.0,0.0,0.0,0.0,0.0,0,self,95118000.0,2099100,0,2352.2625,2351.67,0
580,000016.SH,20231201.0,95121000,95121116.0,2365.9962,2362.6263,2351.6245,454714500.0,0.0,0.0,0.0,0.0,0.0,0.0,0,self,95121000.0,434300,0,2351.6245,2351.67,0
581,000016.SH,20231201.0,95124000,95124138.0,2365.9962,2362.6263,2351.8815,454993600.0,0.0,0.0,0.0,0.0,0.0,0.0,0,self,95124000.0,279100,0,2351.8815,2351.67,0
582,000016.SH,20231201.0,95127000,95127153.0,2365.9962,2362.6263,2351.5255,455323500.0,0.0,0.0,0.0,0.0,0.0,0.0,0,self,95127000.0,329900,0,2351.5255,2351.67,0
583,000016.SH,20231201.0,95130000,95130161.0,2365.9962,2362.6263,2352.7213,456186300.0,0.0,0.0,0.0,0.0,0.0,0.0,0,self,95130000.0,862800,0,2352.7213,2351.67,0
584,000016.SH,20231201.0,95133000,95133145.0,2365.9962,2362.6263,2352.5554,457333900.0,0.0,0.0,0.0,0.0,0.0,0.0,0,self,95133000.0,1147600,0,2352.5554,2351.67,0
585,000016.SH,20231201.0,95134000,95134235.0,2365.9962,2362.6263,2352.5554,457333900.0,0.0,0.0,0.0,0.0,0.0,0.0,0,self,95134000.0,0,0,2352.5554,2351.67,0
586,000016.SH,20231201.0,95136000,95136147.0,2365.9962,2362.6263,2353.0182,457841200.0,0.0,0.0,0.0,0.0,0.0,0.0,0,self,95136000.0,507300,0,2353.0182,2351.67,0
587,000016.SH,20231201.0,95139000,95139154.0,2365.9962,2362.6263,2352.9394,458344200.0,0.0,0.0,0.0,0.0,0.0,0.0,0,self,95139000.0,503000,0,2352.9394,2351.68,0
588,000016.SH,20231201.0,95142000,95142152.0,2365.9962,2362.6263,2352.6644,458581700.0,0.0,0.0,0.0,0.0,0.0,0.0,0,self,95142000.0,237500,0,2352.6644,2351.68,0
589,000016.SH,20231201.0,95145000,95145147.0,2365.9962,2362.6263,2352.819,458748000.0,0.0,0.0,0.0,0.0,0.0,0.0,0,self,95145000.0,166300,0,2352.819,2351.68,0
590,000016.SH,20231201.0,95148000,95148138.0,2365.9962,2362.6263,2352.824,458933700.0,0.0,0.0,0.0,0.0,0.0,0.0,0,self,95148000.0,185700,0,2352.824,2351.68,0
591,000016.SH,20231201.0,95151000,95151146.0,2365.9962,2362.6263,2352.7163,459302400.0,0.0,0.0,0.0,0.0,0.0,0.0,0,self,95151000.0,368700,0,2352.7163,2351.68,0
592,000016.SH,20231201.0,95154000,95154155.0,2365.9962,2362.6263,2352.3363,460028700.0,0.0,0.0,0.0,0.0,0.0,0.0,0,self,95154000.0,726300,0,2352.3363,2351.68,0
593,000016.SH,20231201.0,95157000,95157141.0,2365.9962,2362.6263,2352.2761,460492200.0,0.0,0.0,0.0,0.0,0.0,0.0,0,self,95157000.0,463500,0,2352.2761,2351.68,0
594,000016.SH,20231201.0,95200000,95200150.0,2365.9962,2362.6263,2352.4864,460856100.0,0.0,0.0,0.0,0.0,0.0,0.0,0,self,95200000.0,363900,0,2352.4864,2351.68,0
595,000016.SH,20231201.0,95203000,95203148.0,2365.9962,2362.6263,2352.2998,461587000.0,0.0,0.0,0.0,0.0,0.0,0.0,0,self,95203000.0,730900,0,2352.2998,2351.68,0
596,000016.SH,20231201.0,95204000,95204235.0,2365.9962,2362.6263,2352.2998,461587000.0,0.0,0.0,0.0,0.0,0.0,0.0,0,self,95204000.0,0,0,2352.2998,2351.68,0
597,000016.SH,20231201.0,95206000,95206177.0,2365.9962,2362.6263,2351.9463,462184900.0,0.0,0.0,0.0,0.0,0.0,0.0,0,self,95206000.0,597900,0,2351.9463,2351.68,0
598,000016.SH,20231201.0,95209000,95209177.0,2365.9962,2362.6263,2351.911,462488600.0,0.0,0.0,0.0,0.0,0.0,0.0,0,self,95209000.0,303700,0,2351.911,2351.68,0
599,000016.SH,20231201.0,95212000,95212158.0,2365.9962,2362.6263,2352.1305,464383700.0,0.0,0.0,0.0,0.0,0.0,0.0,0,self,95212000.0,1895100,0,2352.1305,2351.68,0
600,000016.SH,20231201.0,95215000,95215177.0,2365.9962,2362.6263,2352.2954,465939800.0,0.0,0.0,0.0,0.0,0.0,0.0,0,self,95215000.0,1556100,0,2352.2954,2351.68,0
601,000016.SH,20231201.0,95218000,95218152.0,2365.9962,2362.6263,2352.559,466864800.0,0.0,0.0,0.0,0.0,0.0,0.0,0,self,95218000.0,925000,0,2352.559,2351.69,0
602,000016.SH,20231201.0,95221000,95221150.0,2365.9962,2362.6263,2352.5795,467569800.0,0.0,0.0,0.0,0.0,0.0,0.0,0,self,95221000.0,705000,0,2352.5795,2351.69,0
603,000016.SH,20231201.0,95224000,95224189.0,2365.9962,2362.6263,2351.9148,468191300.0,0.0,0.0,0.0,0.0,0.0,0.0,0,self,95224000.0,621500,0,2351.9148,2351.69,0
604,000016.SH,20231201.0,95227000,95227179.0,2365.9962,2362.6263,2352.2162,468567900.0,0.0,0.0,0.0,0.0,0.0,0.0,0,self,95227000.0,376600,0,2352.2162,2351.69,0
605,000016.SH,20231201.0,95230000,95230177.0,2365.9962,2362.6263,2352.4964,468877100.0,0.0,0.0,0.0,0.0,0.0,0.0,0,self,95230000.0,309200,0,2352.4964,2351.69,0
606,000016.SH,20231201.0,95233000,95233153.0,2365.9962,2362.6263,2351.9267,469274000.0,0.0,0.0,0.0,0.0,0.0,0.0,0,self,95233000.0,396900,0,2351.9267,2351.69,0
607,000016.SH,20231201.0,95234000,95234236.0,2365.9962,2362.6263,2351.9267,469274000.0,0.0,0.0,0.0,0.0,0.0,0.0,0,self,95234000.0,0,0,2351.9267,2351.69,0
608,000016.SH,20231201.0,95236000,95236183.0,2365.9962,2362.6263,2352.1539,469798600.0,0.0,0.0,0.0,0.0,0.0,0.0,0,self,95236000.0,524600,0,2352.1539,2351.69,0
609,000016.SH,20231201.0,95239000,95239148.0,2365.9962,2362.6263,2352.1539,470163500.0,0.0,0.0,0.0,0.0,0.0,0.0,0,self,95239000.0,364900,0,2352.1539,2351.69,0
610,000016.SH,20231201.0,95242000,95242149.0,2365.9962,2362.6263,2352.2949,470579100.0,0.0,0.0,0.0,0.0,0.0,0.0,0,self,95242000.0,415600,0,2352.2949,2351.69,0
611,000016.SH,20231201.0,95245000,95245184.0,2365.9962,2362.6263,2351.5998,470860800.0,0.0,0.0,0.0,0.0,0.0,0.0,0,self,95245000.0,281700,0,2351.5998,2351.69,0
612,000016.SH,20231201.0,95248000,95248154.0,2365.9962,2362.6263,2351.541,471390800.0,0.0,0.0,0.0,0.0,0.0,0.0,0,self,95248000.0,530000,0,2351.541,2351.69,0
613,000016.SH,20231201.0,95251000,95251182.0,2365.9962,2362.6263,2351.4997,471954800.0,0.0,0.0,0.0,0.0,0.0,0.0,0,self,95251000.0,564000,0,2351.4997,2351.69,0
614,000016.SH,20231201.0,95254000,95254182.0,2365.9962,2362.6263,2351.5567,472149800.0,0.0,0.0,0.0,0.0,0.0,0.0,0,self,95254000.0,195000,0,2351.5567,2351.69,0
615,000016.SH,20231201.0,95257000,95257190.0,2365.9962,2362.6263,2351.2149,473556200.0,0.0,0.0,0.0,0.0,0.0,0.0,0,self,95257000.0,1406400,0,2351.2149,2351.69,0
616,000016.SH,20231201.0,95300000,95300179.0,2365.9962,2362.6263,2350.8353,476686200.0,0.0,0.0,0.0,0.0,0.0,0.0,0,self,95300000.0,3130000,0,2350.8353,2351.68,0
617,000016.SH,20231201.0,95303000,95303157.0,2365.9962,2362.6263,2351.3053,478174600.0,0.0,0.0,0.0,0.0,0.0,0.0,0,self,95303000.0,1488400,0,2351.3053,2351.68,0
618,000016.SH,20231201.0,95304000,95304237.0,2365.9962,2362.6263,2351.3053,478174600.0,0.0,0.0,0.0,0.0,0.0,0.0,0,self,95304000.0,0,0,2351.3053,2351.68,0
619,000016.SH,20231201.0,95306000,95306191.0,2365.9962,2362.6263,2351.277,478897300.0,0.0,0.0,0.0,0.0,0.0,0.0,0,self,95306000.0,722700,0,2351.277,2351.68,0
620,000016.SH,20231201.0,95309000,95309182.0,2365.9962,2362.6263,2351.0982,479349200.0,0.0,0.0,0.0,0.0,0.0,0.0,0,self,95309000.0,451900,0,2351.0982,2351.68,0
621,000016.SH,20231201.0,95312000,95312160.0,2365.9962,2362.6263,2351.3623,480711100.0,0.0,0.0,0.0,0.0,0.0,0.0,0,self,95312000.0,1361900,0,2351.3623,2351.68,0
622,000016.SH,20231201.0,95315000,95315212.0,2365.9962,2362.6263,2350.8022,481063100.0,0.0,0.0,0.0,0.0,0.0,0.0,0,self,95315000.0,352000,0,2350.8022,2351.68,0
623,000016.SH,20231201.0,95318000,95318219.0,2365.9962,2362.6263,2351.0879,481402600.0,0.0,0.0,0.0,0.0,0.0,0.0,0,self,95318000.0,339500,0,2351.0879,2351.68,0
624,000016.SH,20231201.0,95321000,95321228.0,2365.9962,2362.6263,2351.2824,482150300.0,0.0,0.0,0.0,0.0,0.0,0.0,0,self,95321000.0,747700,0,2351.2824,2351.68,0
625,000016.SH,20231201.0,95324000,95324186.0,2365.9962,2362.6263,2350.7766,482552000.0,0.0,0.0,0.0,0.0,0.0,0.0,0,self,95324000.0,401700,0,2350.7766,2351.68,0
626,000016.SH,20231201.0,95327000,95327156.0,2365.9962,2362.6263,2351.0012,483075200.0,0.0,0.0,0.0,0.0,0.0,0.0,0,self,95327000.0,523200,0,2351.0012,2351.68,0
627,000016.SH,20231201.0,95330000,95330231.0,2365.9962,2362.6263,2350.6981,483874400.0,0.0,0.0,0.0,0.0,0.0,0.0,0,self,95330000.0,799200,0,2350.6981,2351.68,0
628,000016.SH,20231201.0,95333000,95333151.0,2365.9962,2362.6263,2351.044,484607900.0,0.0,0.0,0.0,0.0,0.0,0.0,0,self,95333000.0,733500,0,2351.044,2351.67,0
629,000016.SH,20231201.0,95334000,95334268.0,2365.9962,2362.6263,2351.044,484607900.0,0.0,0.0,0.0,0.0,0.0,0.0,0,self,95334000.0,0,0,2351.044,2351.67,0
630,000016.SH,20231201.0,95336000,95336158.0,2365.9962,2362.6263,2351.6296,485995800.0,0.0,0.0,0.0,0.0,0.0,0.0,0,self,95336000.0,1387900,0,2351.6296,2351.67,0
631,000016.SH,20231201.0,95339000,95339155.0,2365.9962,2362.6263,2352.0487,486632200.0,0.0,0.0,0.0,0.0,0.0,0.0,0,self,95339000.0,636400,0,2352.0487,2351.67,0
632,000016.SH,20231201.0,95342000,95342157.0,2365.9962,2362.6263,2352.274,487656800.0,0.0,0.0,0.0,0.0,0.0,0.0,0,self,95342000.0,1024600,0,2352.274,2351.68,0
633,000016.SH,20231201.0,95345000,95345183.0,2365.9962,2362.6263,2352.2413,487931800.0,0.0,0.0,0.0,0.0,0.0,0.0,0,self,95345000.0,275000,0,2352.2413,2351.68,0
634,000016.SH,20231201.0,95348000,95348183.0,2365.9962,2362.6263,2352.033,489545400.0,0.0,0.0,0.0,0.0,0.0,0.0,0,self,95348000.0,1613600,0,2352.033,2351.68,0
635,000016.SH,20231201.0,95351000,95351160.0,2365.9962,2362.6263,2352.3206,489952300.0,0.0,0.0,0.0,0.0,0.0,0.0,0,self,95351000.0,406900,0,2352.3206,2351.68,0
636,000016.SH,20231201.0,95354000,95354183.0,2365.9962,2362.6263,2352.3314,491438400.0,0.0,0.0,0.0,0.0,0.0,0.0,0,self,95354000.0,1486100,0,2352.3314,2351.68,0
637,000016.SH,20231201.0,95357000,95357194.0,2365.9962,2362.6263,2352.4511,517153300.0,0.0,0.0,0.0,0.0,0.0,0.0,0,self,95357000.0,25714900,0,2352.4511,2351.72,0
638,000016.SH,20231201.0,95400000,95400155.0,2365.9962,2362.6263,2352.4193,520990300.0,0.0,0.0,0.0,0.0,0.0,0.0,0,self,95400000.0,3837000,0,2352.4193,2351.72,0
639,000016.SH,20231201.0,95403000,95403167.0,2365.9962,2362.6263,2352.6839,521289100.0,0.0,0.0,0.0,0.0,0.0,0.0,0,self,95403000.0,298800,0,2352.6839,2351.72,0
640,000016.SH,20231201.0,95404000,95404241.0,2365.9962,2362.6263,2352.6839,521289100.0,0.0,0.0,0.0,0.0,0.0,0.0,0,self,95404000.0,0,0,2352.6839,2351.72,0
641,000016.SH,20231201.0,95406000,95406180.0,2365.9962,2362.6263,2352.5426,521778600.0,0.0,0.0,0.0,0.0,0.0,0.0,0,self,95406000.0,489500,0,2352.5426,2351.72,0
642,000016.SH,20231201.0,95409000,95409184.0,2365.9962,2362.6263,2352.4624,522417700.0,0.0,0.0,0.0,0.0,0.0,0.0,0,self,95409000.0,639100,0,2352.4624,2351.73,0
643,000016.SH,20231201.0,95412000,95412160.0,2365.9962,2362.6263,2352.6027,522922700.0,0.0,0.0,0.0,0.0,0.0,0.0,0,self,95412000.0,505000,0,2352.6027,2351.73,0
644,000016.SH,20231201.0,95415000,95415186.0,2365.9962,2362.6263,2352.4586,523382800.0,0.0,0.0,0.0,0.0,0.0,0.0,0,self,95415000.0,460100,0,2352.4586,2351.73,0
645,000016.SH,20231201.0,95418000,95418185.0,2365.9962,2362.6263,2352.3088,523635500.0,0.0,0.0,0.0,0.0,0.0,0.0,0,self,95418000.0,252700,0,2352.3088,2351.73,0
646,000016.SH,20231201.0,95421000,95421192.0,2365.9962,2362.6263,2351.9463,524944200.0,0.0,0.0,0.0,0.0,0.0,0.0,0,self,95421000.0,1308700,0,2351.9463,2351.73,0
