,level_0,index,time,Unnamed: 0,symbol,date,recv_time,prev_close,open,last_prc,volume,high_limited,low_limited,ask_prc1,bid_prc1,ask_vol1,bid_vol1,fill,index_Resource,Time,t_volume,outlier,middle,acc_weight_price,stop
0,0,0,92500000,0,000016.SH,20231201.0,92500181.0,2365.9962,0.0,2365.9963,0.0,0.0,0.0,0.0,0.0,0.0,0.0,0,self,92500000.0,0,0,0.0,0.0,0
1,1,1,92503000,1,000016.SH,20231201.0,92503185.0,2365.9962,0.0,2365.9963,0.0,0.0,0.0,0.0,0.0,0.0,0.0,0,self,92503000.0,0,0,0.0,0.0,0
2,2,2,92506000,3,000016.SH,20231201.0,92506181.0,2365.9962,2362.6263,2362.6263,11315400.0,0.0,0.0,0.0,0.0,0.0,0.0,0,self,92506000.0,0,0,0.0,0.0,0
3,3,3,92509000,4,000016.SH,20231201.0,92506181.0,2365.9962,2362.6263,2362.6263,11315400.0,0.0,0.0,0.0,0.0,0.0,0.0,1,3,92506000.0,0,0,0.0,0.0,0
4,4,4,92512000,5,000016.SH,20231201.0,92506181.0,2365.9962,2362.6263,2362.6263,11315400.0,0.0,0.0,0.0,0.0,0.0,0.0,1,3,92506000.0,0,0,0.0,0.0,0
5,5,5,92515000,6,000016.SH,20231201.0,92506181.0,2365.9962,2362.6263,2362.6263,11315400.0,0.0,0.0,0.0,0.0,0.0,0.0,1,3,92506000.0,0,0,0.0,0.0,0
6,6,6,92518000,7,000016.SH,20231201.0,92506181.0,2365.9962,2362.6263,2362.6263,11315400.0,0.0,0.0,0.0,0.0,0.0,0.0,1,3,92506000.0,0,0,0.0,0.0,0
7,7,7,92521000,8,000016.SH,20231201.0,92506181.0,2365.9962,2362.6263,2362.6263,11315400.0,0.0,0.0,0.0,0.0,0.0,0.0,1,3,92506000.0,0,0,0.0,0.0,0
8,8,8,92524000,9,000016.SH,20231201.0,92506181.0,2365.9962,2362.6263,2362.6263,11315400.0,0.0,0.0,0.0,0.0,0.0,0.0,1,3,92506000.0,0,0,0.0,0.0,0
9,9,9,92527000,10,000016.SH,20231201.0,92506181.0,2365.9962,2362.6263,2362.6263,11315400.0,0.0,0.0,0.0,0.0,0.0,0.0,1,3,92506000.0,0,0,0.0,0.0,0
10,10,10,92530000,11,000016.SH,20231201.0,92506181.0,2365.9962,2362.6263,2362.6263,11315400.0,0.0,0.0,0.0,0.0,0.0,0.0,1,3,92506000.0,0,0,0.0,0.0,0
11,11,11,92533000,12,000016.SH,20231201.0,92533588.0,2365.9962,2362.6263,2362.6263,11315400.0,0.0,0.0,0.0,0.0,0.0,0.0,0,self,92533000.0,0,0,0.0,0.0,0
12,12,12,92536000,14,000016.SH,20231201.0,92534231.0,2365.9962,2362.6263,2362.6263,11315400.0,0.0,0.0,0.0,0.0,0.0,0.0,1,13,92534000.0,0,0,0.0,0.0,0
13,13,13,92539000,15,000016.SH,20231201.0,92534231.0,2365.9962,2362.6263,2362.6263,11315400.0,0.0,0.0,0.0,0.0,0.0,0.0,1,13,92534000.0,0,0,0.0,0.0,0
14,14,14,92542000,16,000016.SH,20231201.0,92534231.0,2365.9962,2362.6263,2362.6263,11315400.0,0.0,0.0,0.0,0.0,0.0,0.0,1,13,92534000.0,0,0,0.0,0.0,0
15,15,15,92545000,17,000016.SH,20231201.0,92534231.0,2365.9962,2362.6263,2362.6263,11315400.0,0.0,0.0,0.0,0.0,0.0,0.0,1,13,92534000.0,0,0,0.0,0.0,0
16,16,16,92548000,18,000016.SH,20231201.0,92534231.0,2365.9962,2362.6263,2362.6263,11315400.0,0.0,0.0,0.0,0.0,0.0,0.0,1,13,92534000.0,0,0,0.0,0.0,0
17,17,17,92551000,19,000016.SH,20231201.0,92534231.0,2365.9962,2362.6263,2362.6263,11315400.0,0.0,0.0,0.0,0.0,0.0,0.0,1,13,92534000.0,0,0,0.0,0.0,0
18,18,18,92554000,20,000016.SH,20231201.0,92534231.0,2365.9962,2362.6263,2362.6263,11315400.0,0.0,0.0,0.0,0.0,0.0,0.0,1,13,92534000.0,0,0,0.0,0.0,0
19,19,19,92557000,21,000016.SH,20231201.0,92534231.0,2365.9962,2362.6263,2362.6263,11315400.0,0.0,0.0,0.0,0.0,0.0,0.0,1,13,92534000.0,0,0,0.0,0.0,0
20,20,20,92600000,22,000016.SH,20231201.0,92534231.0,2365.9962,2362.6263,2362.6263,11315400.0,0.0,0.0,0.0,0.0,0.0,0.0,1,13,92534000.0,0,0,0.0,0.0,0
21,21,21,92603000,23,000016.SH,20231201.0,92603180.0,2365.9962,2362.6263,2362.6263,11315400.0,0.0,0.0,0.0,0.0,0.0,0.0,0,self,92603000.0,0,0,0.0,0.0,0
22,22,22,92606000,25,000016.SH,20231201.0,92606171.0,2365.9962,2362.6263,2362.6263,11315400.0,0.0,0.0,0.0,0.0,0.0,0.0,0,self,92606000.0,0,0,0.0,0.0,0
23,23,23,92609000,26,000016.SH,20231201.0,92609171.0,2365.9962,2362.6263,2362.6263,11315400.0,0.0,0.0,0.0,0.0,0.0,0.0,0,self,92609000.0,0,0,0.0,0.0,0
24,24,24,92612000,27,000016.SH,20231201.0,92612168.0,2365.9962,2362.6263,2362.6263,11315400.0,0.0,0.0,0.0,0.0,0.0,0.0,0,self,92612000.0,0,0,0.0,0.0,0
25,25,25,92615000,28,000016.SH,20231201.0,92615170.0,2365.9962,2362.6263,2362.6263,11315400.0,0.0,0.0,0.0,0.0,0.0,0.0,0,self,92615000.0,0,0,0.0,0.0,0
26,26,26,92618000,29,000016.SH,20231201.0,92618177.0,2365.9962,2362.6263,2362.6263,11315400.0,0.0,0.0,0.0,0.0,0.0,0.0,0,self,92618000.0,0,0,0.0,0.0,0
27,27,27,92621000,30,000016.SH,20231201.0,92621172.0,2365.9962,2362.6263,2362.6263,11315400.0,0.0,0.0,0.0,0.0,0.0,0.0,0,self,92621000.0,0,0,0.0,0.0,0
28,28,28,92624000,31,000016.SH,20231201.0,92624172.0,2365.9962,2362.6263,2362.6263,11315400.0,0.0,0.0,0.0,0.0,0.0,0.0,0,self,92624000.0,0,0,0.0,0.0,0
29,29,29,92627000,32,000016.SH,20231201.0,92627171.0,2365.9962,2362.6263,2362.6263,11315400.0,0.0,0.0,0.0,0.0,0.0,0.0,0,self,92627000.0,0,0,0.0,0.0,0
30,30,30,92630000,33,000016.SH,20231201.0,92630169.0,2365.9962,2362.6263,2362.6263,11315400.0,0.0,0.0,0.0,0.0,0.0,0.0,0,self,92630000.0,0,0,0.0,0.0,0
31,31,31,92633000,34,000016.SH,20231201.0,92633175.0,2365.9962,2362.6263,2362.6263,11315400.0,0.0,0.0,0.0,0.0,0.0,0.0,0,self,92633000.0,0,0,0.0,0.0,0
32,32,32,92636000,36,000016.SH,20231201.0,92636171.0,2365.9962,2362.6263,2362.6263,11315400.0,0.0,0.0,0.0,0.0,0.0,0.0,0,self,92636000.0,0,0,0.0,0.0,0
33,33,33,92639000,37,000016.SH,20231201.0,92639183.0,2365.9962,2362.6263,2362.6263,11315400.0,0.0,0.0,0.0,0.0,0.0,0.0,0,self,92639000.0,0,0,0.0,0.0,0
34,34,34,92642000,38,000016.SH,20231201.0,92642180.0,2365.9962,2362.6263,2362.6263,11315400.0,0.0,0.0,0.0,0.0,0.0,0.0,0,self,92642000.0,0,0,0.0,0.0,0
35,35,35,92645000,39,000016.SH,20231201.0,92645175.0,2365.9962,2362.6263,2362.6263,11315400.0,0.0,0.0,0.0,0.0,0.0,0.0,0,self,92645000.0,0,0,0.0,0.0,0
36,36,36,92648000,40,000016.SH,20231201.0,92648183.0,2365.9962,2362.6263,2362.6263,11315400.0,0.0,0.0,0.0,0.0,0.0,0.0,0,self,92648000.0,0,0,0.0,0.0,0
37,37,37,92651000,41,000016.SH,20231201.0,92651179.0,2365.9962,2362.6263,2362.6263,11315400.0,0.0,0.0,0.0,0.0,0.0,0.0,0,self,92651000.0,0,0,0.0,0.0,0
38,38,38,92654000,42,000016.SH,20231201.0,92654178.0,2365.9962,2362.6263,2362.6263,11315400.0,0.0,0.0,0.0,0.0,0.0,0.0,0,self,92654000.0,0,0,0.0,0.0,0
39,39,39,92657000,43,000016.SH,20231201.0,92657172.0,2365.9962,2362.6263,2362.6263,11315400.0,0.0,0.0,0.0,0.0,0.0,0.0,0,self,92657000.0,0,0,0.0,0.0,0
40,40,40,92700000,44,000016.SH,20231201.0,92700176.0,2365.9962,2362.6263,2362.6263,11315400.0,0.0,0.0,0.0,0.0,0.0,0.0,0,self,92700000.0,0,0,0.0,0.0,0
41,41,41,92703000,45,000016.SH,20231201.0,92703171.0,2365.9962,2362.6263,2362.6263,11315400.0,0.0,0.0,0.0,0.0,0.0,0.0,0,self,92703000.0,0,0,0.0,0.0,0
42,42,42,92706000,47,000016.SH,20231201.0,92706171.0,2365.9962,2362.6263,2362.6263,11315400.0,0.0,0.0,0.0,0.0,0.0,0.0,0,self,92706000.0,0,0,0.0,0.0,0
43,43,43,92709000,48,000016.SH,20231201.0,92709177.0,2365.9962,2362.6263,2362.6263,11315400.0,0.0,0.0,0.0,0.0,0.0,0.0,0,self,92709000.0,0,0,0.0,0.0,0
44,44,44,92712000,49,000016.SH,20231201.0,92712176.0,2365.9962,2362.6263,2362.6263,11315400.0,0.0,0.0,0.0,0.0,0.0,0.0,0,self,92712000.0,0,0,0.0,0.0,0
45,45,45,92715000,50,000016.SH,20231201.0,92715193.0,2365.9962,2362.6263,2362.6263,11315400.0,0.0,0.0,0.0,0.0,0.0,0.0,0,self,92715000.0,0,0,0.0,0.0,0
46,46,46,92718000,51,000016.SH,20231201.0,92718176.0,2365.9962,2362.6263,2362.6263,11315400.0,0.0,0.0,0.0,0.0,0.0,0.0,0,self,92718000.0,0,0,0.0,0.0,0
47,47,47,92721000,52,000016.SH,20231201.0,92721189.0,2365.9962,2362.6263,2362.6263,11315400.0,0.0,0.0,0.0,0.0,0.0,0.0,0,self,92721000.0,0,0,0.0,0.0,0
48,48,48,92724000,53,000016.SH,20231201.0,92724177.0,2365.9962,2362.6263,2362.6263,11315400.0,0.0,0.0,0.0,0.0,0.0,0.0,0,self,92724000.0,0,0,0.0,0.0,0
49,49,49,92727000,54,000016.SH,20231201.0,92727187.0,2365.9962,2362.6263,2362.6263,11315400.0,0.0,0.0,0.0,0.0,0.0,0.0,0,self,92727000.0,0,0,0.0,0.0,0
50,50,50,92730000,55,000016.SH,20231201.0,92730189.0,2365.9962,2362.6263,2362.6263,11315400.0,0.0,0.0,0.0,0.0,0.0,0.0,0,self,92730000.0,0,0,0.0,0.0,0
51,51,51,92733000,56,000016.SH,20231201.0,92733188.0,2365.9962,2362.6263,2362.6263,11315400.0,0.0,0.0,0.0,0.0,0.0,0.0,0,self,92733000.0,0,0,0.0,0.0,0
52,52,52,92736000,58,000016.SH,20231201.0,92736175.0,2365.9962,2362.6263,2362.6263,11315400.0,0.0,0.0,0.0,0.0,0.0,0.0,0,self,92736000.0,0,0,0.0,0.0,0
53,53,53,92739000,59,000016.SH,20231201.0,92739178.0,2365.9962,2362.6263,2362.6263,11315400.0,0.0,0.0,0.0,0.0,0.0,0.0,0,self,92739000.0,0,0,0.0,0.0,0
54,54,54,92742000,60,000016.SH,20231201.0,92742180.0,2365.9962,2362.6263,2362.6263,11315400.0,0.0,0.0,0.0,0.0,0.0,0.0,0,self,92742000.0,0,0,0.0,0.0,0
55,55,55,92745000,61,000016.SH,20231201.0,92745177.0,2365.9962,2362.6263,2362.6263,11315400.0,0.0,0.0,0.0,0.0,0.0,0.0,0,self,92745000.0,0,0,0.0,0.0,0
56,56,56,92748000,62,000016.SH,20231201.0,92748178.0,2365.9962,2362.6263,2362.6263,11315400.0,0.0,0.0,0.0,0.0,0.0,0.0,0,self,92748000.0,0,0,0.0,0.0,0
57,57,57,92751000,63,000016.SH,20231201.0,92751180.0,2365.9962,2362.6263,2362.6263,11315400.0,0.0,0.0,0.0,0.0,0.0,0.0,0,self,92751000.0,0,0,0.0,0.0,0
58,58,58,92754000,64,000016.SH,20231201.0,92754175.0,2365.9962,2362.6263,2362.6263,11315400.0,0.0,0.0,0.0,0.0,0.0,0.0,0,self,92754000.0,0,0,0.0,0.0,0
59,59,59,92757000,65,000016.SH,20231201.0,92757179.0,2365.9962,2362.6263,2362.6263,11315400.0,0.0,0.0,0.0,0.0,0.0,0.0,0,self,92757000.0,0,0,0.0,0.0,0
60,60,60,92800000,66,000016.SH,20231201.0,92800176.0,2365.9962,2362.6263,2362.6263,11315400.0,0.0,0.0,0.0,0.0,0.0,0.0,0,self,92800000.0,0,0,0.0,0.0,0
61,61,61,92803000,67,000016.SH,20231201.0,92803180.0,2365.9962,2362.6263,2362.6263,11315400.0,0.0,0.0,0.0,0.0,0.0,0.0,0,self,92803000.0,0,0,0.0,0.0,0
62,62,62,92806000,69,000016.SH,20231201.0,92806170.0,2365.9962,2362.6263,2362.6263,11315400.0,0.0,0.0,0.0,0.0,0.0,0.0,0,self,92806000.0,0,0,0.0,0.0,0
63,63,63,92809000,70,000016.SH,20231201.0,92809170.0,2365.9962,2362.6263,2362.6263,11315400.0,0.0,0.0,0.0,0.0,0.0,0.0,0,self,92809000.0,0,0,0.0,0.0,0
64,64,64,92812000,71,000016.SH,20231201.0,92812170.0,2365.9962,2362.6263,2362.6263,11315400.0,0.0,0.0,0.0,0.0,0.0,0.0,0,self,92812000.0,0,0,0.0,0.0,0
65,65,65,92815000,72,000016.SH,20231201.0,92815168.0,2365.9962,2362.6263,2362.6263,11315400.0,0.0,0.0,0.0,0.0,0.0,0.0,0,self,92815000.0,0,0,0.0,0.0,0
66,66,66,92818000,73,000016.SH,20231201.0,92818169.0,2365.9962,2362.6263,2362.6263,11315400.0,0.0,0.0,0.0,0.0,0.0,0.0,0,self,92818000.0,0,0,0.0,0.0,0
67,67,67,92821000,74,000016.SH,20231201.0,92821170.0,2365.9962,2362.6263,2362.6263,11315400.0,0.0,0.0,0.0,0.0,0.0,0.0,0,self,92821000.0,0,0,0.0,0.0,0
68,68,68,92824000,75,000016.SH,20231201.0,92824174.0,2365.9962,2362.6263,2362.6263,11315400.0,0.0,0.0,0.0,0.0,0.0,0.0,0,self,92824000.0,0,0,0.0,0.0,0
69,69,69,92827000,76,000016.SH,20231201.0,92827169.0,2365.9962,2362.6263,2362.6263,11315400.0,0.0,0.0,0.0,0.0,0.0,0.0,0,self,92827000.0,0,0,0.0,0.0,0
70,70,70,92830000,77,000016.SH,20231201.0,92830168.0,2365.9962,2362.6263,2362.6263,11315400.0,0.0,0.0,0.0,0.0,0.0,0.0,0,self,92830000.0,0,0,0.0,0.0,0
71,71,71,92833000,78,000016.SH,20231201.0,92833168.0,2365.9962,2362.6263,2362.6263,11315400.0,0.0,0.0,0.0,0.0,0.0,0.0,0,self,92833000.0,0,0,0.0,0.0,0
72,72,72,92836000,80,000016.SH,20231201.0,92836169.0,2365.9962,2362.6263,2362.6263,11315400.0,0.0,0.0,0.0,0.0,0.0,0.0,0,self,92836000.0,0,0,0.0,0.0,0
73,73,73,92839000,81,000016.SH,20231201.0,92839170.0,2365.9962,2362.6263,2362.6263,11315400.0,0.0,0.0,0.0,0.0,0.0,0.0,0,self,92839000.0,0,0,0.0,0.0,0
74,74,74,92842000,82,000016.SH,20231201.0,92842181.0,2365.9962,2362.6263,2362.6263,11315400.0,0.0,0.0,0.0,0.0,0.0,0.0,0,self,92842000.0,0,0,0.0,0.0,0
75,75,75,92845000,83,000016.SH,20231201.0,92845169.0,2365.9962,2362.6263,2362.6263,11315400.0,0.0,0.0,0.0,0.0,0.0,0.0,0,self,92845000.0,0,0,0.0,0.0,0
76,76,76,92848000,84,000016.SH,20231201.0,92848175.0,2365.9962,2362.6263,2362.6263,11315400.0,0.0,0.0,0.0,0.0,0.0,0.0,0,self,92848000.0,0,0,0.0,0.0,0
77,77,77,92851000,85,000016.SH,20231201.0,92851170.0,2365.9962,2362.6263,2362.6263,11315400.0,0.0,0.0,0.0,0.0,0.0,0.0,0,self,92851000.0,0,0,0.0,0.0,0
78,78,78,92854000,86,000016.SH,20231201.0,92854176.0,2365.9962,2362.6263,2362.6263,11315400.0,0.0,0.0,0.0,0.0,0.0,0.0,0,self,92854000.0,0,0,0.0,0.0,0
79,79,79,92857000,87,000016.SH,20231201.0,92857164.0,2365.9962,2362.6263,2362.6263,11315400.0,0.0,0.0,0.0,0.0,0.0,0.0,0,self,92857000.0,0,0,0.0,0.0,0
80,80,80,92900000,88,000016.SH,20231201.0,92900168.0,2365.9962,2362.6263,2362.6263,11315400.0,0.0,0.0,0.0,0.0,0.0,0.0,0,self,92900000.0,0,0,0.0,0.0,0
81,81,81,92903000,89,000016.SH,20231201.0,92903169.0,2365.9962,2362.6263,2362.6263,11315400.0,0.0,0.0,0.0,0.0,0.0,0.0,0,self,92903000.0,0,0,0.0,0.0,0
82,82,82,92906000,91,000016.SH,20231201.0,92906171.0,2365.9962,2362.6263,2362.6263,11315400.0,0.0,0.0,0.0,0.0,0.0,0.0,0,self,92906000.0,0,0,0.0,0.0,0
83,83,83,92909000,92,000016.SH,20231201.0,92909171.0,2365.9962,2362.6263,2362.6263,11315400.0,0.0,0.0,0.0,0.0,0.0,0.0,0,self,92909000.0,0,0,0.0,0.0,0
84,84,84,92912000,93,000016.SH,20231201.0,92912169.0,2365.9962,2362.6263,2362.6263,11315400.0,0.0,0.0,0.0,0.0,0.0,0.0,0,self,92912000.0,0,0,0.0,0.0,0
85,85,85,92915000,94,000016.SH,20231201.0,92915169.0,2365.9962,2362.6263,2362.6263,11315400.0,0.0,0.0,0.0,0.0,0.0,0.0,0,self,92915000.0,0,0,0.0,0.0,0
86,86,86,92918000,95,000016.SH,20231201.0,92918170.0,2365.9962,2362.6263,2362.6263,11315400.0,0.0,0.0,0.0,0.0,0.0,0.0,0,self,92918000.0,0,0,0.0,0.0,0
87,87,87,92921000,96,000016.SH,20231201.0,92921172.0,2365.9962,2362.6263,2362.6263,11315400.0,0.0,0.0,0.0,0.0,0.0,0.0,0,self,92921000.0,0,0,0.0,0.0,0
88,88,88,92924000,97,000016.SH,20231201.0,92924177.0,2365.9962,2362.6263,2362.6263,11315400.0,0.0,0.0,0.0,0.0,0.0,0.0,0,self,92924000.0,0,0,0.0,0.0,0
89,89,89,92927000,98,000016.SH,20231201.0,92927172.0,2365.9962,2362.6263,2362.6263,11315400.0,0.0,0.0,0.0,0.0,0.0,0.0,0,self,92927000.0,0,0,0.0,0.0,0
90,90,90,92930000,99,000016.SH,20231201.0,92930179.0,2365.9962,2362.6263,2362.6263,11315400.0,0.0,0.0,0.0,0.0,0.0,0.0,0,self,92930000.0,0,0,0.0,0.0,0
91,91,91,92933000,100,000016.SH,20231201.0,92933169.0,2365.9962,2362.6263,2362.6263,11315400.0,0.0,0.0,0.0,0.0,0.0,0.0,0,self,92933000.0,0,0,0.0,0.0,0
92,92,92,92936000,102,000016.SH,20231201.0,92936173.0,2365.9962,2362.6263,2362.6263,11315400.0,0.0,0.0,0.0,0.0,0.0,0.0,0,self,92936000.0,0,0,0.0,0.0,0
93,93,93,92939000,103,000016.SH,20231201.0,92939177.0,2365.9962,2362.6263,2362.6263,11315400.0,0.0,0.0,0.0,0.0,0.0,0.0,0,self,92939000.0,0,0,0.0,0.0,0
94,94,94,92942000,104,000016.SH,20231201.0,92942187.0,2365.9962,2362.6263,2362.6263,11315400.0,0.0,0.0,0.0,0.0,0.0,0.0,0,self,92942000.0,0,0,0.0,0.0,0
95,95,95,92945000,105,000016.SH,20231201.0,92945172.0,2365.9962,2362.6263,2362.6263,11315400.0,0.0,0.0,0.0,0.0,0.0,0.0,0,self,92945000.0,0,0,0.0,0.0,0
96,96,96,92948000,106,000016.SH,20231201.0,92948171.0,2365.9962,2362.6263,2362.6263,11315400.0,0.0,0.0,0.0,0.0,0.0,0.0,0,self,92948000.0,0,0,0.0,0.0,0
97,97,97,92951000,107,000016.SH,20231201.0,92951172.0,2365.9962,2362.6263,2362.6263,11315400.0,0.0,0.0,0.0,0.0,0.0,0.0,0,self,92951000.0,0,0,0.0,0.0,0
98,98,98,92954000,108,000016.SH,20231201.0,92954172.0,2365.9962,2362.6263,2362.6263,11315400.0,0.0,0.0,0.0,0.0,0.0,0.0,0,self,92954000.0,0,0,0.0,0.0,0
99,99,99,92957000,109,000016.SH,20231201.0,92957171.0,2365.9962,2362.6263,2362.6263,11315400.0,0.0,0.0,0.0,0.0,0.0,0.0,0,self,92957000.0,0,0,0.0,0.0,0
100,100,100,93000000,110,000016.SH,20231201.0,93000192.0,2365.9962,2362.6263,2362.6263,11315400.0,0.0,0.0,0.0,0.0,0.0,0.0,0,self,93000000.0,11315400,0,2362.6263,2362.63,0
101,101,101,93003000,111,000016.SH,20231201.0,93003241.0,2365.9962,2362.6263,2361.9562,13025600.0,0.0,0.0,0.0,0.0,0.0,0.0,0,self,93003000.0,1710200,0,2361.9562,2362.54,0
102,102,102,93006000,113,000016.SH,20231201.0,93006176.0,2365.9962,2362.6263,2362.1173,18742000.0,0.0,0.0,0.0,0.0,0.0,0.0,0,self,93006000.0,5716400,0,2362.1173,2362.41,0
103,103,103,93009000,114,000016.SH,20231201.0,93009261.0,2365.9962,2362.6263,2361.1618,23073900.0,0.0,0.0,0.0,0.0,0.0,0.0,0,self,93009000.0,4331900,1,2361.1618,2362.18,0
104,104,104,93012000,115,000016.SH,20231201.0,93012267.0,2365.9962,2362.6263,2360.8368,25427500.0,0.0,0.0,0.0,0.0,0.0,0.0,0,self,93012000.0,2353600,0,2360.8368,2362.05,0
105,105,105,93015000,116,000016.SH,20231201.0,93015259.0,2365.9962,2362.6263,2360.8282,28426200.0,0.0,0.0,0.0,0.0,0.0,0.0,0,self,93015000.0,2998700,0,2360.8282,2361.92,0
106,106,106,93018000,117,000016.SH,20231201.0,93018288.0,2365.9962,2362.6263,2361.2269,30920000.0,0.0,0.0,0.0,0.0,0.0,0.0,0,self,93018000.0,2493800,0,2361.2269,2361.87,0
107,107,107,93021000,118,000016.SH,20231201.0,93021174.0,2365.9962,2362.6263,2360.5862,33779600.0,0.0,0.0,0.0,0.0,0.0,0.0,0,self,93021000.0,2859600,0,2360.5862,2361.76,0
108,108,108,93024000,119,000016.SH,20231201.0,93024172.0,2365.9962,2362.6263,2360.6802,35624900.0,0.0,0.0,0.0,0.0,0.0,0.0,0,self,93024000.0,1845300,0,2360.6802,2361.7,0
109,109,109,93027000,120,000016.SH,20231201.0,93027182.0,2365.9962,2362.6263,2361.1394,37329900.0,0.0,0.0,0.0,0.0,0.0,0.0,0,self,93027000.0,1705000,0,2361.1394,2361.68,0
110,110,110,93030000,121,000016.SH,20231201.0,93030172.0,2365.9962,2362.6263,2361.0453,39240500.0,0.0,0.0,0.0,0.0,0.0,0.0,0,self,93030000.0,1910600,0,2361.0453,2361.65,0
111,111,111,93033000,122,000016.SH,20231201.0,93033181.0,2365.9962,2362.6263,2361.2877,41603300.0,0.0,0.0,0.0,0.0,0.0,0.0,0,self,93033000.0,2362800,0,2361.2877,2361.63,0
112,112,112,93036000,124,000016.SH,20231201.0,93036174.0,2365.9962,2362.6263,2361.3939,43082100.0,0.0,0.0,0.0,0.0,0.0,0.0,0,self,93036000.0,1478800,0,2361.3939,2361.62,0
113,113,113,93039000,125,000016.SH,20231201.0,93039182.0,2365.9962,2362.6263,2362.5231,44537700.0,0.0,0.0,0.0,0.0,0.0,0.0,0,self,93039000.0,1455600,0,2362.5231,2361.65,0
114,114,114,93042000,126,000016.SH,20231201.0,93042189.0,2365.9962,2362.6263,2361.7814,45981700.0,0.0,0.0,0.0,0.0,0.0,0.0,0,self,93042000.0,1444000,0,2361.7814,2361.65,0
115,115,115,93045000,127,000016.SH,20231201.0,93045182.0,2365.9962,2362.6263,2361.9674,47788200.0,0.0,0.0,0.0,0.0,0.0,0.0,0,self,93045000.0,1806500,0,2361.9674,2361.66,0
116,116,116,93048000,128,000016.SH,20231201.0,93048186.0,2365.9962,2362.6263,2360.6291,49544700.0,0.0,0.0,0.0,0.0,0.0,0.0,0,self,93048000.0,1756500,0,2360.6291,2361.63,0
117,117,117,93051000,129,000016.SH,20231201.0,93051191.0,2365.9962,2362.6263,2360.5541,50921000.0,0.0,0.0,0.0,0.0,0.0,0.0,0,self,93051000.0,1376300,0,2360.5541,2361.6,0
118,118,118,93054000,130,000016.SH,20231201.0,93054182.0,2365.9962,2362.6263,2361.2493,52405200.0,0.0,0.0,0.0,0.0,0.0,0.0,0,self,93054000.0,1484200,0,2361.2493,2361.59,0
119,119,119,93057000,131,000016.SH,20231201.0,93057182.0,2365.9962,2362.6263,2360.8768,53280600.0,0.0,0.0,0.0,0.0,0.0,0.0,0,self,93057000.0,875400,0,2360.8768,2361.58,0
120,120,120,93100000,132,000016.SH,20231201.0,93100179.0,2365.9962,2362.6263,2360.3347,54575900.0,0.0,0.0,0.0,0.0,0.0,0.0,0,self,93100000.0,1295300,0,2360.3347,2361.55,0
121,121,121,93103000,133,000016.SH,20231201.0,93103203.0,2365.9962,2362.6263,2360.6013,61456700.0,0.0,0.0,0.0,0.0,0.0,0.0,0,self,93103000.0,6880800,0,2360.6013,2361.44,0
122,122,122,93106000,135,000016.SH,20231201.0,93106103.0,2365.9962,2362.6263,2359.7593,62981200.0,0.0,0.0,0.0,0.0,0.0,0.0,0,self,93106000.0,1524500,0,2359.7593,2361.4,0
123,123,123,93109000,136,000016.SH,20231201.0,93109081.0,2365.9962,2362.6263,2358.6822,64854000.0,0.0,0.0,0.0,0.0,0.0,0.0,0,self,93109000.0,1872800,1,2358.6822,2361.32,0
124,124,124,93112000,137,000016.SH,20231201.0,93112093.0,2365.9962,2362.6263,2358.295,66418200.0,0.0,0.0,0.0,0.0,0.0,0.0,0,self,93112000.0,1564200,1,2358.295,2361.25,0
125,125,125,93115000,138,000016.SH,20231201.0,93115093.0,2365.9962,2362.6263,2357.9246,68172700.0,0.0,0.0,0.0,0.0,0.0,0.0,0,self,93115000.0,1754500,1,2357.9246,2361.16,0
126,126,126,93118000,139,000016.SH,20231201.0,93118093.0,2365.9962,2362.6263,2358.6456,70035200.0,0.0,0.0,0.0,0.0,0.0,0.0,0,self,93118000.0,1862500,0,2358.6456,2361.1,0
127,127,127,93121000,140,000016.SH,20231201.0,93121086.0,2365.9962,2362.6263,2360.0689,72641300.0,0.0,0.0,0.0,0.0,0.0,0.0,0,self,93121000.0,2606100,0,2360.0689,2361.06,0
128,128,128,93124000,141,000016.SH,20231201.0,93124086.0,2365.9962,2362.6263,2360.3322,74235800.0,0.0,0.0,0.0,0.0,0.0,0.0,0,self,93124000.0,1594500,0,2360.3322,2361.05,0
129,129,129,93127000,142,000016.SH,20231201.0,93127104.0,2365.9962,2362.6263,2359.7307,75257200.0,0.0,0.0,0.0,0.0,0.0,0.0,0,self,93127000.0,1021400,0,2359.7307,2361.03,0
130,130,130,93130000,143,000016.SH,20231201.0,93130097.0,2365.9962,2362.6263,2359.3884,75984500.0,0.0,0.0,0.0,0.0,0.0,0.0,0,self,93130000.0,727300,0,2359.3884,2361.01,0
131,131,131,93133000,144,000016.SH,20231201.0,93133095.0,2365.9962,2362.6263,2359.0238,76870100.0,0.0,0.0,0.0,0.0,0.0,0.0,0,self,93133000.0,885600,0,2359.0238,2360.99,0
132,132,132,93136000,146,000016.SH,20231201.0,93136104.0,2365.9962,2362.6263,2358.9378,77975300.0,0.0,0.0,0.0,0.0,0.0,0.0,0,self,93136000.0,1105200,0,2358.9378,2360.96,0
133,133,133,93139000,147,000016.SH,20231201.0,93139126.0,2365.9962,2362.6263,2358.8197,78812300.0,0.0,0.0,0.0,0.0,0.0,0.0,0,self,93139000.0,837000,0,2358.8197,2360.94,0
134,134,134,93142000,148,000016.SH,20231201.0,93142122.0,2365.9962,2362.6263,2359.0462,79841200.0,0.0,0.0,0.0,0.0,0.0,0.0,0,self,93142000.0,1028900,0,2359.0462,2360.91,0
135,135,135,93145000,149,000016.SH,20231201.0,93145113.0,2365.9962,2362.6263,2359.0448,80653700.0,0.0,0.0,0.0,0.0,0.0,0.0,0,self,93145000.0,812500,0,2359.0448,2360.89,0
136,136,136,93148000,150,000016.SH,20231201.0,93148129.0,2365.9962,2362.6263,2358.9546,82119800.0,0.0,0.0,0.0,0.0,0.0,0.0,0,self,93148000.0,1466100,0,2358.9546,2360.86,0
137,137,137,93151000,151,000016.SH,20231201.0,93151158.0,2365.9962,2362.6263,2358.9746,82761100.0,0.0,0.0,0.0,0.0,0.0,0.0,0,self,93151000.0,641300,0,2358.9746,2360.84,0
138,138,138,93154000,152,000016.SH,20231201.0,93154136.0,2365.9962,2362.6263,2358.7688,84482500.0,0.0,0.0,0.0,0.0,0.0,0.0,0,self,93154000.0,1721400,0,2358.7688,2360.8,0
139,139,139,93157000,153,000016.SH,20231201.0,93157149.0,2365.9962,2362.6263,2358.315,85161900.0,0.0,0.0,0.0,0.0,0.0,0.0,0,self,93157000.0,679400,0,2358.315,2360.78,0
140,140,140,93200000,154,000016.SH,20231201.0,93200145.0,2365.9962,2362.6263,2358.4132,85984500.0,0.0,0.0,0.0,0.0,0.0,0.0,0,self,93200000.0,822600,0,2358.4132,2360.76,0
141,141,141,93203000,155,000016.SH,20231201.0,93203153.0,2365.9962,2362.6263,2358.088,86832600.0,0.0,0.0,0.0,0.0,0.0,0.0,0,self,93203000.0,848100,0,2358.088,2360.73,0
142,142,142,93206000,157,000016.SH,20231201.0,93206190.0,2365.9962,2362.6263,2358.2769,88450800.0,0.0,0.0,0.0,0.0,0.0,0.0,0,self,93206000.0,1618200,0,2358.2769,2360.69,0
143,143,143,93209000,158,000016.SH,20231201.0,93209189.0,2365.9962,2362.6263,2357.675,89558900.0,0.0,0.0,0.0,0.0,0.0,0.0,0,self,93209000.0,1108100,0,2357.675,2360.65,0
144,144,144,93212000,159,000016.SH,20231201.0,93212176.0,2365.9962,2362.6263,2357.1787,90526800.0,0.0,0.0,0.0,0.0,0.0,0.0,0,self,93212000.0,967900,0,2357.1787,2360.61,0
145,145,145,93215000,160,000016.SH,20231201.0,93215183.0,2365.9962,2362.6263,2357.4406,91429800.0,0.0,0.0,0.0,0.0,0.0,0.0,0,self,93215000.0,903000,0,2357.4406,2360.58,0
146,146,146,93218000,161,000016.SH,20231201.0,93218181.0,2365.9962,2362.6263,2357.5546,92573600.0,0.0,0.0,0.0,0.0,0.0,0.0,0,self,93218000.0,1143800,0,2357.5546,2360.55,0
147,147,147,93221000,162,000016.SH,20231201.0,93221186.0,2365.9962,2362.6263,2357.2959,93417900.0,0.0,0.0,0.0,0.0,0.0,0.0,0,self,93221000.0,844300,0,2357.2959,2360.52,0
148,148,148,93224000,163,000016.SH,20231201.0,93224186.0,2365.9962,2362.6263,2356.4839,94623100.0,0.0,0.0,0.0,0.0,0.0,0.0,0,self,93224000.0,1205200,0,2356.4839,2360.46,0
149,149,149,93227000,164,000016.SH,20231201.0,93227182.0,2365.9962,2362.6263,2356.3696,95273500.0,0.0,0.0,0.0,0.0,0.0,0.0,0,self,93227000.0,650400,0,2356.3696,2360.44,0
150,150,150,93230000,165,000016.SH,20231201.0,93230199.0,2365.9962,2362.6263,2356.4008,97352000.0,0.0,0.0,0.0,0.0,0.0,0.0,0,self,93230000.0,2078500,0,2356.4008,2360.35,0
151,151,151,93233000,166,000016.SH,20231201.0,93233201.0,2365.9962,2362.6263,2355.8041,98756000.0,0.0,0.0,0.0,0.0,0.0,0.0,0,self,93233000.0,1404000,0,2355.8041,2360.29,0
152,152,152,93236000,168,000016.SH,20231201.0,93236090.0,2365.9962,2362.6263,2355.5118,99208400.0,0.0,0.0,0.0,0.0,0.0,0.0,0,self,93236000.0,452400,0,2355.5118,2360.26,0
153,153,153,93239000,169,000016.SH,20231201.0,93239113.0,2365.9962,2362.6263,2356.1348,100605800.0,0.0,0.0,0.0,0.0,0.0,0.0,0,self,93239000.0,1397400,0,2356.1348,2360.21,0
154,154,154,93242000,170,000016.SH,20231201.0,93242126.0,2365.9962,2362.6263,2355.7279,101407000.0,0.0,0.0,0.0,0.0,0.0,0.0,0,self,93242000.0,801200,0,2355.7279,2360.17,0
155,155,155,93245000,171,000016.SH,20231201.0,93245112.0,2365.9962,2362.6263,2355.6196,101821700.0,0.0,0.0,0.0,0.0,0.0,0.0,0,self,93245000.0,414700,0,2355.6196,2360.15,0
156,156,156,93248000,172,000016.SH,20231201.0,93248139.0,2365.9962,2362.6263,2355.4988,102758100.0,0.0,0.0,0.0,0.0,0.0,0.0,0,self,93248000.0,936400,0,2355.4988,2360.11,0
157,157,157,93251000,173,000016.SH,20231201.0,93251134.0,2365.9962,2362.6263,2355.4732,103219700.0,0.0,0.0,0.0,0.0,0.0,0.0,0,self,93251000.0,461600,0,2355.4732,2360.09,0
158,158,158,93254000,174,000016.SH,20231201.0,93254144.0,2365.9962,2362.6263,2355.3594,104895300.0,0.0,0.0,0.0,0.0,0.0,0.0,0,self,93254000.0,1675600,0,2355.3594,2360.01,0
159,159,159,93257000,175,000016.SH,20231201.0,93257147.0,2365.9962,2362.6263,2355.5256,105726400.0,0.0,0.0,0.0,0.0,0.0,0.0,0,self,93257000.0,831100,0,2355.5256,2359.98,0
160,160,160,93300000,176,000016.SH,20231201.0,93300152.0,2365.9962,2362.6263,2355.3763,107351200.0,0.0,0.0,0.0,0.0,0.0,0.0,0,self,93300000.0,1624800,0,2355.3763,2359.91,0
161,161,161,93303000,177,000016.SH,20231201.0,93303151.0,2365.9962,2362.6263,2355.644,108724400.0,0.0,0.0,0.0,0.0,0.0,0.0,0,self,93303000.0,1373200,0,2355.644,2359.86,0
162,162,162,93306000,179,000016.SH,20231201.0,93306205.0,2365.9962,2362.6263,2354.8391,110793400.0,0.0,0.0,0.0,0.0,0.0,0.0,0,self,93306000.0,2069000,0,2354.8391,2359.76,0
163,163,163,93309000,180,000016.SH,20231201.0,93309140.0,2365.9962,2362.6263,2354.5135,112215100.0,0.0,0.0,0.0,0.0,0.0,0.0,0,self,93309000.0,1421700,0,2354.5135,2359.7,0
164,164,164,93312000,181,000016.SH,20231201.0,93312145.0,2365.9962,2362.6263,2354.7874,114927900.0,0.0,0.0,0.0,0.0,0.0,0.0,0,self,93312000.0,2712800,0,2354.7874,2359.58,0
165,165,165,93315000,182,000016.SH,20231201.0,93315149.0,2365.9962,2362.6263,2354.5503,115498600.0,0.0,0.0,0.0,0.0,0.0,0.0,0,self,93315000.0,570700,0,2354.5503,2359.55,0
166,166,166,93318000,183,000016.SH,20231201.0,93318154.0,2365.9962,2362.6263,2354.9458,116524700.0,0.0,0.0,0.0,0.0,0.0,0.0,0,self,93318000.0,1026100,0,2354.9458,2359.51,0
167,167,167,93321000,184,000016.SH,20231201.0,93321139.0,2365.9962,2362.6263,2354.286,117353800.0,0.0,0.0,0.0,0.0,0.0,0.0,0,self,93321000.0,829100,0,2354.286,2359.48,0
168,168,168,93324000,185,000016.SH,20231201.0,93324143.0,2365.9962,2362.6263,2354.0479,118464100.0,0.0,0.0,0.0,0.0,0.0,0.0,0,self,93324000.0,1110300,0,2354.0479,2359.43,0
169,169,169,93327000,186,000016.SH,20231201.0,93327179.0,2365.9962,2362.6263,2354.0299,120147100.0,0.0,0.0,0.0,0.0,0.0,0.0,0,self,93327000.0,1683000,0,2354.0299,2359.35,0
170,170,170,93330000,187,000016.SH,20231201.0,93330177.0,2365.9962,2362.6263,2353.9388,120508200.0,0.0,0.0,0.0,0.0,0.0,0.0,0,self,93330000.0,361100,0,2353.9388,2359.33,0
171,171,171,93333000,188,000016.SH,20231201.0,93333195.0,2365.9962,2362.6263,2353.3715,121042300.0,0.0,0.0,0.0,0.0,0.0,0.0,0,self,93333000.0,534100,0,2353.3715,2359.31,0
172,172,172,93336000,190,000016.SH,20231201.0,93336188.0,2365.9962,2362.6263,2353.5464,121516000.0,0.0,0.0,0.0,0.0,0.0,0.0,0,self,93336000.0,473700,0,2353.5464,2359.29,0
173,173,173,93339000,191,000016.SH,20231201.0,93339178.0,2365.9962,2362.6263,2353.49,122178100.0,0.0,0.0,0.0,0.0,0.0,0.0,0,self,93339000.0,662100,0,2353.49,2359.25,0
174,174,174,93342000,192,000016.SH,20231201.0,93342194.0,2365.9962,2362.6263,2353.3526,122738900.0,0.0,0.0,0.0,0.0,0.0,0.0,0,self,93342000.0,560800,0,2353.3526,2359.23,0
175,175,175,93345000,193,000016.SH,20231201.0,93345096.0,2365.9962,2362.6263,2353.3098,123105600.0,0.0,0.0,0.0,0.0,0.0,0.0,0,self,93345000.0,366700,0,2353.3098,2359.21,0
176,176,176,93348000,194,000016.SH,20231201.0,93348114.0,2365.9962,2362.6263,2353.9829,123524300.0,0.0,0.0,0.0,0.0,0.0,0.0,0,self,93348000.0,418700,0,2353.9829,2359.19,0
177,177,177,93351000,195,000016.SH,20231201.0,93351122.0,2365.9962,2362.6263,2353.8774,124067700.0,0.0,0.0,0.0,0.0,0.0,0.0,0,self,93351000.0,543400,0,2353.8774,2359.17,0
178,178,178,93354000,196,000016.SH,20231201.0,93354121.0,2365.9962,2362.6263,2353.5084,124872500.0,0.0,0.0,0.0,0.0,0.0,0.0,0,self,93354000.0,804800,0,2353.5084,2359.13,0
179,179,179,93357000,197,000016.SH,20231201.0,93357109.0,2365.9962,2362.6263,2353.817,125786200.0,0.0,0.0,0.0,0.0,0.0,0.0,0,self,93357000.0,913700,0,2353.817,2359.09,0
180,180,180,93400000,198,000016.SH,20231201.0,93400121.0,2365.9962,2362.6263,2354.3802,126754800.0,0.0,0.0,0.0,0.0,0.0,0.0,0,self,93400000.0,968600,0,2354.3802,2359.06,0
181,181,181,93403000,199,000016.SH,20231201.0,93403126.0,2365.9962,2362.6263,2354.2265,127471500.0,0.0,0.0,0.0,0.0,0.0,0.0,0,self,93403000.0,716700,0,2354.2265,2359.03,0
182,182,182,93406000,201,000016.SH,20231201.0,93406110.0,2365.9962,2362.6263,2354.3214,128051800.0,0.0,0.0,0.0,0.0,0.0,0.0,0,self,93406000.0,580300,0,2354.3214,2359.01,0
183,183,183,93409000,202,000016.SH,20231201.0,93409111.0,2365.9962,2362.6263,2353.6057,128646300.0,0.0,0.0,0.0,0.0,0.0,0.0,0,self,93409000.0,594500,0,2353.6057,2358.98,0
184,184,184,93412000,203,000016.SH,20231201.0,93412124.0,2365.9962,2362.6263,2353.6548,129259900.0,0.0,0.0,0.0,0.0,0.0,0.0,0,self,93412000.0,613600,0,2353.6548,2358.96,0
185,185,185,93415000,204,000016.SH,20231201.0,93415115.0,2365.9962,2362.6263,2353.5483,130121700.0,0.0,0.0,0.0,0.0,0.0,0.0,0,self,93415000.0,861800,0,2353.5483,2358.92,0
186,186,186,93418000,205,000016.SH,20231201.0,93418132.0,2365.9962,2362.6263,2353.4081,131188400.0,0.0,0.0,0.0,0.0,0.0,0.0,0,self,93418000.0,1066700,0,2353.4081,2358.88,0
187,187,187,93421000,206,000016.SH,20231201.0,93421128.0,2365.9962,2362.6263,2353.2207,131944800.0,0.0,0.0,0.0,0.0,0.0,0.0,0,self,93421000.0,756400,0,2353.2207,2358.85,0
188,188,188,93424000,207,000016.SH,20231201.0,93424147.0,2365.9962,2362.6263,2352.8148,133030400.0,0.0,0.0,0.0,0.0,0.0,0.0,0,self,93424000.0,1085600,0,2352.8148,2358.8,0
189,189,189,93427000,208,000016.SH,20231201.0,93427144.0,2365.9962,2362.6263,2352.5851,133783700.0,0.0,0.0,0.0,0.0,0.0,0.0,0,self,93427000.0,753300,0,2352.5851,2358.76,0
190,190,190,93430000,209,000016.SH,20231201.0,93430148.0,2365.9962,2362.6263,2352.3912,134904000.0,0.0,0.0,0.0,0.0,0.0,0.0,0,self,93430000.0,1120300,0,2352.3912,2358.71,0
191,191,191,93433000,210,000016.SH,20231201.0,93433127.0,2365.9962,2362.6263,2352.4449,135774300.0,0.0,0.0,0.0,0.0,0.0,0.0,0,self,93433000.0,870300,0,2352.4449,2358.67,0
192,192,192,93436000,212,000016.SH,20231201.0,93436157.0,2365.9962,2362.6263,2352.1485,136665600.0,0.0,0.0,0.0,0.0,0.0,0.0,0,self,93436000.0,891300,0,2352.1485,2358.63,0
193,193,193,93439000,213,000016.SH,20231201.0,93439156.0,2365.9962,2362.6263,2352.302,138493300.0,0.0,0.0,0.0,0.0,0.0,0.0,0,self,93439000.0,1827700,0,2352.302,2358.54,0
194,194,194,93442000,214,000016.SH,20231201.0,93442156.0,2365.9962,2362.6263,2352.6897,139016800.0,0.0,0.0,0.0,0.0,0.0,0.0,0,self,93442000.0,523500,0,2352.6897,2358.52,0
195,195,195,93445000,215,000016.SH,20231201.0,93445182.0,2365.9962,2362.6263,2352.5001,139655100.0,0.0,0.0,0.0,0.0,0.0,0.0,0,self,93445000.0,638300,0,2352.5001,2358.49,0
196,196,196,93448000,216,000016.SH,20231201.0,93448191.0,2365.9962,2362.6263,2353.3713,140672300.0,0.0,0.0,0.0,0.0,0.0,0.0,0,self,93448000.0,1017200,0,2353.3713,2358.46,0
197,197,197,93451000,217,000016.SH,20231201.0,93451188.0,2365.9962,2362.6263,2353.1462,141324400.0,0.0,0.0,0.0,0.0,0.0,0.0,0,self,93451000.0,652100,0,2353.1462,2358.43,0
198,198,198,93454000,218,000016.SH,20231201.0,93454181.0,2365.9962,2362.6263,2353.1134,142675800.0,0.0,0.0,0.0,0.0,0.0,0.0,0,self,93454000.0,1351400,0,2353.1134,2358.38,0
199,199,199,93457000,219,000016.SH,20231201.0,93457198.0,2365.9962,2362.6263,2353.0205,143116200.0,0.0,0.0,0.0,0.0,0.0,0.0,0,self,93457000.0,440400,0,2353.0205,2358.36,0
200,200,200,93500000,220,000016.SH,20231201.0,93500105.0,2365.9962,2362.6263,2352.8483,143591300.0,0.0,0.0,0.0,0.0,0.0,0.0,0,self,93500000.0,475100,0,2352.8483,2358.35,0
201,201,201,93503000,221,000016.SH,20231201.0,93503103.0,2365.9962,2362.6263,2352.6317,146347100.0,0.0,0.0,0.0,0.0,0.0,0.0,0,self,93503000.0,2755800,0,2352.6317,2358.24,0
202,202,202,93506000,223,000016.SH,20231201.0,93506105.0,2365.9962,2362.6263,2352.8722,147608700.0,0.0,0.0,0.0,0.0,0.0,0.0,0,self,93506000.0,1261600,0,2352.8722,2358.19,0
203,203,203,93509000,224,000016.SH,20231201.0,93509215.0,2365.9962,2362.6263,2352.7164,148377800.0,0.0,0.0,0.0,0.0,0.0,0.0,0,self,93509000.0,769100,0,2352.7164,2358.16,0
204,204,204,93512000,225,000016.SH,20231201.0,93512198.0,2365.9962,2362.6263,2352.4583,150379200.0,0.0,0.0,0.0,0.0,0.0,0.0,0,self,93512000.0,2001400,0,2352.4583,2358.09,0
205,205,205,93515000,226,000016.SH,20231201.0,93515216.0,2365.9962,2362.6263,2352.2664,151819900.0,0.0,0.0,0.0,0.0,0.0,0.0,0,self,93515000.0,1440700,0,2352.2664,2358.03,0
206,206,206,93518000,227,000016.SH,20231201.0,93518128.0,2365.9962,2362.6263,2352.2769,153598400.0,0.0,0.0,0.0,0.0,0.0,0.0,0,self,93518000.0,1778500,0,2352.2769,2357.97,0
207,207,207,93521000,228,000016.SH,20231201.0,93521232.0,2365.9962,2362.6263,2352.0988,154506800.0,0.0,0.0,0.0,0.0,0.0,0.0,0,self,93521000.0,908400,0,2352.0988,2357.93,0
208,208,208,93524000,229,000016.SH,20231201.0,93524165.0,2365.9962,2362.6263,2351.5833,155812200.0,0.0,0.0,0.0,0.0,0.0,0.0,0,self,93524000.0,1305400,0,2351.5833,2357.88,0
209,209,209,93527000,230,000016.SH,20231201.0,93527160.0,2365.9962,2362.6263,2351.9485,157639800.0,0.0,0.0,0.0,0.0,0.0,0.0,0,self,93527000.0,1827600,0,2351.9485,2357.81,0
210,210,210,93530000,231,000016.SH,20231201.0,93530160.0,2365.9962,2362.6263,2352.0145,158656500.0,0.0,0.0,0.0,0.0,0.0,0.0,0,self,93530000.0,1016700,0,2352.0145,2357.77,0
211,211,211,93533000,232,000016.SH,20231201.0,93533161.0,2365.9962,2362.6263,2352.3101,159447700.0,0.0,0.0,0.0,0.0,0.0,0.0,0,self,93533000.0,791200,0,2352.3101,2357.75,0
212,212,212,93536000,234,000016.SH,20231201.0,93536179.0,2365.9962,2362.6263,2352.0443,159923400.0,0.0,0.0,0.0,0.0,0.0,0.0,0,self,93536000.0,475700,0,2352.0443,2357.73,0
213,213,213,93539000,235,000016.SH,20231201.0,93539181.0,2365.9962,2362.6263,2352.0513,160457800.0,0.0,0.0,0.0,0.0,0.0,0.0,0,self,93539000.0,534400,0,2352.0513,2357.71,0
214,214,214,93542000,236,000016.SH,20231201.0,93542177.0,2365.9962,2362.6263,2352.1299,161636900.0,0.0,0.0,0.0,0.0,0.0,0.0,0,self,93542000.0,1179100,0,2352.1299,2357.67,0
215,215,215,93545000,237,000016.SH,20231201.0,93545185.0,2365.9962,2362.6263,2352.6065,163505200.0,0.0,0.0,0.0,0.0,0.0,0.0,0,self,93545000.0,1868300,0,2352.6065,2357.61,0
216,216,216,93548000,238,000016.SH,20231201.0,93548180.0,2365.9962,2362.6263,2352.0044,164389700.0,0.0,0.0,0.0,0.0,0.0,0.0,0,self,93548000.0,884500,0,2352.0044,2357.58,0
217,217,217,93551000,239,000016.SH,20231201.0,93551180.0,2365.9962,2362.6263,2352.2822,165048400.0,0.0,0.0,0.0,0.0,0.0,0.0,0,self,93551000.0,658700,0,2352.2822,2357.56,0
218,218,218,93554000,240,000016.SH,20231201.0,93554191.0,2365.9962,2362.6263,2352.1617,165515200.0,0.0,0.0,0.0,0.0,0.0,0.0,0,self,93554000.0,466800,0,2352.1617,2357.54,0
219,219,219,93557000,241,000016.SH,20231201.0,93557176.0,2365.9962,2362.6263,2351.8916,166218000.0,0.0,0.0,0.0,0.0,0.0,0.0,0,self,93557000.0,702800,0,2351.8916,2357.52,0
220,220,220,93600000,242,000016.SH,20231201.0,93600180.0,2365.9962,2362.6263,2352.4194,166653000.0,0.0,0.0,0.0,0.0,0.0,0.0,0,self,93600000.0,435000,0,2352.4194,2357.51,0
221,221,221,93603000,243,000016.SH,20231201.0,93603175.0,2365.9962,2362.6263,2351.9297,167671100.0,0.0,0.0,0.0,0.0,0.0,0.0,0,self,93603000.0,1018100,0,2351.9297,2357.47,0
222,222,222,93606000,245,000016.SH,20231201.0,93606191.0,2365.9962,2362.6263,2351.9781,168966600.0,0.0,0.0,0.0,0.0,0.0,0.0,0,self,93606000.0,1295500,0,2351.9781,2357.43,0
223,223,223,93609000,246,000016.SH,20231201.0,93609176.0,2365.9962,2362.6263,2351.7699,170592300.0,0.0,0.0,0.0,0.0,0.0,0.0,0,self,93609000.0,1625700,0,2351.7699,2357.38,0
224,224,224,93612000,247,000016.SH,20231201.0,93612191.0,2365.9962,2362.6263,2351.6075,173185900.0,0.0,0.0,0.0,0.0,0.0,0.0,0,self,93612000.0,2593600,0,2351.6075,2357.29,0
225,225,225,93615000,248,000016.SH,20231201.0,93615097.0,2365.9962,2362.6263,2351.4172,174715500.0,0.0,0.0,0.0,0.0,0.0,0.0,0,self,93615000.0,1529600,0,2351.4172,2357.24,0
226,226,226,93618000,249,000016.SH,20231201.0,93618097.0,2365.9962,2362.6263,2351.3625,175637300.0,0.0,0.0,0.0,0.0,0.0,0.0,0,self,93618000.0,921800,0,2351.3625,2357.21,0
227,227,227,93621000,250,000016.SH,20231201.0,93621089.0,2365.9962,2362.6263,2350.8935,177634700.0,0.0,0.0,0.0,0.0,0.0,0.0,0,self,93621000.0,1997400,0,2350.8935,2357.14,0
228,228,228,93624000,251,000016.SH,20231201.0,93624092.0,2365.9962,2362.6263,2351.2754,180946800.0,0.0,0.0,0.0,0.0,0.0,0.0,0,self,93624000.0,3312100,0,2351.2754,2357.03,0
229,229,229,93627000,252,000016.SH,20231201.0,93627081.0,2365.9962,2362.6263,2351.0667,183838600.0,0.0,0.0,0.0,0.0,0.0,0.0,0,self,93627000.0,2891800,0,2351.0667,2356.94,0
230,230,230,93630000,253,000016.SH,20231201.0,93630084.0,2365.9962,2362.6263,2350.6953,184751900.0,0.0,0.0,0.0,0.0,0.0,0.0,0,self,93630000.0,913300,0,2350.6953,2356.91,0
231,231,231,93633000,254,000016.SH,20231201.0,93633091.0,2365.9962,2362.6263,2350.7502,186130400.0,0.0,0.0,0.0,0.0,0.0,0.0,0,self,93633000.0,1378500,0,2350.7502,2356.86,0
232,232,232,93636000,256,000016.SH,20231201.0,93636091.0,2365.9962,2362.6263,2351.0491,186755900.0,0.0,0.0,0.0,0.0,0.0,0.0,0,self,93636000.0,625500,0,2351.0491,2356.84,0
233,233,233,93639000,257,000016.SH,20231201.0,93639097.0,2365.9962,2362.6263,2350.8338,188172200.0,0.0,0.0,0.0,0.0,0.0,0.0,0,self,93639000.0,1416300,0,2350.8338,2356.8,0
234,234,234,93642000,258,000016.SH,20231201.0,93642088.0,2365.9962,2362.6263,2350.8926,188763600.0,0.0,0.0,0.0,0.0,0.0,0.0,0,self,93642000.0,591400,0,2350.8926,2356.78,0
235,235,235,93645000,259,000016.SH,20231201.0,93645113.0,2365.9962,2362.6263,2350.5966,190086600.0,0.0,0.0,0.0,0.0,0.0,0.0,0,self,93645000.0,1323000,0,2350.5966,2356.73,0
236,236,236,93648000,260,000016.SH,20231201.0,93648131.0,2365.9962,2362.6263,2350.6335,190861300.0,0.0,0.0,0.0,0.0,0.0,0.0,0,self,93648000.0,774700,0,2350.6335,2356.71,0
237,237,237,93651000,261,000016.SH,20231201.0,93651125.0,2365.9962,2362.6263,2350.3583,191414900.0,0.0,0.0,0.0,0.0,0.0,0.0,0,self,93651000.0,553600,0,2350.3583,2356.69,0
238,238,238,93654000,262,000016.SH,20231201.0,93654126.0,2365.9962,2362.6263,2350.6096,192153800.0,0.0,0.0,0.0,0.0,0.0,0.0,0,self,93654000.0,738900,0,2350.6096,2356.67,0
239,239,239,93657000,263,000016.SH,20231201.0,93657117.0,2365.9962,2362.6263,2350.5567,192676600.0,0.0,0.0,0.0,0.0,0.0,0.0,0,self,93657000.0,522800,0,2350.5567,2356.65,0
240,240,240,93700000,264,000016.SH,20231201.0,93700121.0,2365.9962,2362.6263,2350.8536,193420700.0,0.0,0.0,0.0,0.0,0.0,0.0,0,self,93700000.0,744100,0,2350.8536,2356.63,0
241,241,241,93703000,265,000016.SH,20231201.0,93703129.0,2365.9962,2362.6263,2350.615,193784600.0,0.0,0.0,0.0,0.0,0.0,0.0,0,self,93703000.0,363900,0,2350.615,2356.62,0
242,242,242,93706000,267,000016.SH,20231201.0,93706134.0,2365.9962,2362.6263,2350.9641,194571700.0,0.0,0.0,0.0,0.0,0.0,0.0,0,self,93706000.0,787100,0,2350.9641,2356.59,0
243,243,243,93709000,268,000016.SH,20231201.0,93709140.0,2365.9962,2362.6263,2351.0879,195523000.0,0.0,0.0,0.0,0.0,0.0,0.0,0,self,93709000.0,951300,0,2351.0879,2356.57,0
244,244,244,93712000,269,000016.SH,20231201.0,93712150.0,2365.9962,2362.6263,2350.3614,196594700.0,0.0,0.0,0.0,0.0,0.0,0.0,0,self,93712000.0,1071700,0,2350.3614,2356.53,0
245,245,245,93715000,270,000016.SH,20231201.0,93715146.0,2365.9962,2362.6263,2350.4245,199463200.0,0.0,0.0,0.0,0.0,0.0,0.0,0,self,93715000.0,2868500,0,2350.4245,2356.45,0
246,246,246,93718000,271,000016.SH,20231201.0,93718151.0,2365.9962,2362.6263,2350.0707,201991700.0,0.0,0.0,0.0,0.0,0.0,0.0,0,self,93718000.0,2528500,0,2350.0707,2356.37,0
247,247,247,93721000,272,000016.SH,20231201.0,93721152.0,2365.9962,2362.6263,2349.8158,204533700.0,0.0,0.0,0.0,0.0,0.0,0.0,0,self,93721000.0,2542000,0,2349.8158,2356.28,0
248,248,248,93724000,273,000016.SH,20231201.0,93724144.0,2365.9962,2362.6263,2349.6513,205928400.0,0.0,0.0,0.0,0.0,0.0,0.0,0,self,93724000.0,1394700,0,2349.6513,2356.24,0
249,249,249,93727000,274,000016.SH,20231201.0,93727150.0,2365.9962,2362.6263,2349.6136,207346800.0,0.0,0.0,0.0,0.0,0.0,0.0,0,self,93727000.0,1418400,0,2349.6136,2356.19,0
250,250,250,93730000,275,000016.SH,20231201.0,93730166.0,2365.9962,2362.6263,2349.435,207982800.0,0.0,0.0,0.0,0.0,0.0,0.0,0,self,93730000.0,636000,0,2349.435,2356.17,0
251,251,251,93733000,276,000016.SH,20231201.0,93733149.0,2365.9962,2362.6263,2349.2757,208700200.0,0.0,0.0,0.0,0.0,0.0,0.0,0,self,93733000.0,717400,0,2349.2757,2356.15,0
252,252,252,93736000,278,000016.SH,20231201.0,93736189.0,2365.9962,2362.6263,2349.2245,209603400.0,0.0,0.0,0.0,0.0,0.0,0.0,0,self,93736000.0,903200,0,2349.2245,2356.12,0
253,253,253,93739000,279,000016.SH,20231201.0,93739152.0,2365.9962,2362.6263,2349.0852,210631700.0,0.0,0.0,0.0,0.0,0.0,0.0,0,self,93739000.0,1028300,0,2349.0852,2356.09,0
254,254,254,93742000,280,000016.SH,20231201.0,93742149.0,2365.9962,2362.6263,2349.4926,211262900.0,0.0,0.0,0.0,0.0,0.0,0.0,0,self,93742000.0,631200,0,2349.4926,2356.07,0
255,255,255,93745000,281,000016.SH,20231201.0,93745174.0,2365.9962,2362.6263,2349.853,211970100.0,0.0,0.0,0.0,0.0,0.0,0.0,0,self,93745000.0,707200,0,2349.853,2356.05,0
256,256,256,93748000,282,000016.SH,20231201.0,93748190.0,2365.9962,2362.6263,2349.48,212691000.0,0.0,0.0,0.0,0.0,0.0,0.0,0,self,93748000.0,720900,0,2349.48,2356.02,0
257,257,257,93751000,283,000016.SH,20231201.0,93751182.0,2365.9962,2362.6263,2349.5565,213434400.0,0.0,0.0,0.0,0.0,0.0,0.0,0,self,93751000.0,743400,0,2349.5565,2356.0,0
258,258,258,93754000,284,000016.SH,20231201.0,93754182.0,2365.9962,2362.6263,2349.5424,214788800.0,0.0,0.0,0.0,0.0,0.0,0.0,0,self,93754000.0,1354400,0,2349.5424,2355.96,0
259,259,259,93757000,285,000016.SH,20231201.0,93757189.0,2365.9962,2362.6263,2349.2878,215542900.0,0.0,0.0,0.0,0.0,0.0,0.0,0,self,93757000.0,754100,0,2349.2878,2355.94,0
260,260,260,93800000,286,000016.SH,20231201.0,93800178.0,2365.9962,2362.6263,2349.1182,216376600.0,0.0,0.0,0.0,0.0,0.0,0.0,0,self,93800000.0,833700,0,2349.1182,2355.91,0
261,261,261,93803000,287,000016.SH,20231201.0,93803192.0,2365.9962,2362.6263,2349.1782,217165900.0,0.0,0.0,0.0,0.0,0.0,0.0,0,self,93803000.0,789300,0,2349.1782,2355.89,0
262,262,262,93806000,289,000016.SH,20231201.0,93806196.0,2365.9962,2362.6263,2349.1483,218121100.0,0.0,0.0,0.0,0.0,0.0,0.0,0,self,93806000.0,955200,0,2349.1483,2355.86,0
263,263,263,93809000,290,000016.SH,20231201.0,93809191.0,2365.9962,2362.6263,2348.836,219560400.0,0.0,0.0,0.0,0.0,0.0,0.0,0,self,93809000.0,1439300,0,2348.836,2355.81,0
264,264,264,93812000,291,000016.SH,20231201.0,93812180.0,2365.9962,2362.6263,2348.6306,220877900.0,0.0,0.0,0.0,0.0,0.0,0.0,0,self,93812000.0,1317500,0,2348.6306,2355.77,0
265,265,265,93815000,292,000016.SH,20231201.0,93815213.0,2365.9962,2362.6263,2348.8031,222500700.0,0.0,0.0,0.0,0.0,0.0,0.0,0,self,93815000.0,1622800,0,2348.8031,2355.72,0
266,266,266,93818000,293,000016.SH,20231201.0,93818203.0,2365.9962,2362.6263,2348.4884,223292100.0,0.0,0.0,0.0,0.0,0.0,0.0,0,self,93818000.0,791400,0,2348.4884,2355.69,0
267,267,267,93821000,294,000016.SH,20231201.0,93821097.0,2365.9962,2362.6263,2348.8424,224114500.0,0.0,0.0,0.0,0.0,0.0,0.0,0,self,93821000.0,822400,0,2348.8424,2355.67,0
268,268,268,93824000,295,000016.SH,20231201.0,93824093.0,2365.9962,2362.6263,2348.727,224739600.0,0.0,0.0,0.0,0.0,0.0,0.0,0,self,93824000.0,625100,0,2348.727,2355.65,0
269,269,269,93827000,296,000016.SH,20231201.0,93827094.0,2365.9962,2362.6263,2348.3275,225727800.0,0.0,0.0,0.0,0.0,0.0,0.0,0,self,93827000.0,988200,0,2348.3275,2355.61,0
270,270,270,93830000,297,000016.SH,20231201.0,93830091.0,2365.9962,2362.6263,2348.081,226830000.0,0.0,0.0,0.0,0.0,0.0,0.0,0,self,93830000.0,1102200,0,2348.081,2355.58,0
271,271,271,93833000,298,000016.SH,20231201.0,93833093.0,2365.9962,2362.6263,2348.0016,227409400.0,0.0,0.0,0.0,0.0,0.0,0.0,0,self,93833000.0,579400,0,2348.0016,2355.56,0
272,272,272,93836000,300,000016.SH,20231201.0,93836089.0,2365.9962,2362.6263,2347.8901,228219500.0,0.0,0.0,0.0,0.0,0.0,0.0,0,self,93836000.0,810100,0,2347.8901,2355.53,0
273,273,273,93839000,301,000016.SH,20231201.0,93839097.0,2365.9962,2362.6263,2347.871,229020300.0,0.0,0.0,0.0,0.0,0.0,0.0,0,self,93839000.0,800800,0,2347.871,2355.5,0
274,274,274,93842000,302,000016.SH,20231201.0,93842098.0,2365.9962,2362.6263,2347.8493,229965600.0,0.0,0.0,0.0,0.0,0.0,0.0,0,self,93842000.0,945300,0,2347.8493,2355.47,0
275,275,275,93845000,303,000016.SH,20231201.0,93845091.0,2365.9962,2362.6263,2347.6831,230683000.0,0.0,0.0,0.0,0.0,0.0,0.0,0,self,93845000.0,717400,0,2347.6831,2355.45,0
276,276,276,93848000,304,000016.SH,20231201.0,93848094.0,2365.9962,2362.6263,2347.6857,231275400.0,0.0,0.0,0.0,0.0,0.0,0.0,0,self,93848000.0,592400,0,2347.6857,2355.43,0
277,277,277,93851000,305,000016.SH,20231201.0,93851100.0,2365.9962,2362.6263,2348.0327,232192200.0,0.0,0.0,0.0,0.0,0.0,0.0,0,self,93851000.0,916800,0,2348.0327,2355.4,0
278,278,278,93854000,306,000016.SH,20231201.0,93854093.0,2365.9962,2362.6263,2347.71,233222100.0,0.0,0.0,0.0,0.0,0.0,0.0,0,self,93854000.0,1029900,0,2347.71,2355.37,0
279,279,279,93857000,307,000016.SH,20231201.0,93857094.0,2365.9962,2362.6263,2347.3787,233948700.0,0.0,0.0,0.0,0.0,0.0,0.0,0,self,93857000.0,726600,0,2347.3787,2355.34,0
280,280,280,93900000,308,000016.SH,20231201.0,93900088.0,2365.9962,2362.6263,2347.3011,234782400.0,0.0,0.0,0.0,0.0,0.0,0.0,0,self,93900000.0,833700,0,2347.3011,2355.31,0
281,281,281,93903000,309,000016.SH,20231201.0,93903092.0,2365.9962,2362.6263,2347.2563,235890700.0,0.0,0.0,0.0,0.0,0.0,0.0,0,self,93903000.0,1108300,0,2347.2563,2355.27,0
282,282,282,93906000,311,000016.SH,20231201.0,93906094.0,2365.9962,2362.6263,2346.8619,237164100.0,0.0,0.0,0.0,0.0,0.0,0.0,0,self,93906000.0,1273400,0,2346.8619,2355.23,0
283,283,283,93909000,312,000016.SH,20231201.0,93909091.0,2365.9962,2362.6263,2346.467,239768400.0,0.0,0.0,0.0,0.0,0.0,0.0,0,self,93909000.0,2604300,0,2346.467,2355.13,0
284,284,284,93912000,313,000016.SH,20231201.0,93912087.0,2365.9962,2362.6263,2345.5609,240895000.0,0.0,0.0,0.0,0.0,0.0,0.0,0,self,93912000.0,1126600,0,2345.5609,2355.09,0
285,285,285,93915000,314,000016.SH,20231201.0,93915095.0,2365.9962,2362.6263,2345.7444,242659000.0,0.0,0.0,0.0,0.0,0.0,0.0,0,self,93915000.0,1764000,0,2345.7444,2355.02,0
286,286,286,93918000,315,000016.SH,20231201.0,93918102.0,2365.9962,2362.6263,2345.7128,244860900.0,0.0,0.0,0.0,0.0,0.0,0.0,0,self,93918000.0,2201900,0,2345.7128,2354.94,0
287,287,287,93921000,316,000016.SH,20231201.0,93921095.0,2365.9962,2362.6263,2345.5375,246513300.0,0.0,0.0,0.0,0.0,0.0,0.0,0,self,93921000.0,1652400,0,2345.5375,2354.88,0
288,288,288,93924000,317,000016.SH,20231201.0,93924112.0,2365.9962,2362.6263,2345.0429,247349300.0,0.0,0.0,0.0,0.0,0.0,0.0,0,self,93924000.0,836000,0,2345.0429,2354.84,0
289,289,289,93927000,318,000016.SH,20231201.0,93927116.0,2365.9962,2362.6263,2345.4278,248118600.0,0.0,0.0,0.0,0.0,0.0,0.0,0,self,93927000.0,769300,0,2345.4278,2354.81,0
290,290,290,93930000,319,000016.SH,20231201.0,93930084.0,2365.9962,2362.6263,2345.3292,249044700.0,0.0,0.0,0.0,0.0,0.0,0.0,0,self,93930000.0,926100,0,2345.3292,2354.78,0
291,291,291,93933000,320,000016.SH,20231201.0,93933084.0,2365.9962,2362.6263,2345.2768,249465000.0,0.0,0.0,0.0,0.0,0.0,0.0,0,self,93933000.0,420300,0,2345.2768,2354.76,0
292,292,292,93936000,322,000016.SH,20231201.0,93936116.0,2365.9962,2362.6263,2345.1754,250305900.0,0.0,0.0,0.0,0.0,0.0,0.0,0,self,93936000.0,840900,0,2345.1754,2354.73,0
293,293,293,93939000,323,000016.SH,20231201.0,93939091.0,2365.9962,2362.6263,2345.4535,251080900.0,0.0,0.0,0.0,0.0,0.0,0.0,0,self,93939000.0,775000,0,2345.4535,2354.7,0
294,294,294,93942000,324,000016.SH,20231201.0,93942097.0,2365.9962,2362.6263,2345.1257,251723300.0,0.0,0.0,0.0,0.0,0.0,0.0,0,self,93942000.0,642400,0,2345.1257,2354.68,0
295,295,295,93945000,325,000016.SH,20231201.0,93945108.0,2365.9962,2362.6263,2345.2618,252742400.0,0.0,0.0,0.0,0.0,0.0,0.0,0,self,93945000.0,1019100,0,2345.2618,2354.64,0
296,296,296,93948000,326,000016.SH,20231201.0,93948109.0,2365.9962,2362.6263,2345.3923,253521700.0,0.0,0.0,0.0,0.0,0.0,0.0,0,self,93948000.0,779300,0,2345.3923,2354.61,0
297,297,297,93951000,327,000016.SH,20231201.0,93951108.0,2365.9962,2362.6263,2345.3559,254501000.0,0.0,0.0,0.0,0.0,0.0,0.0,0,self,93951000.0,979300,0,2345.3559,2354.57,0
298,298,298,93954000,328,000016.SH,20231201.0,93954114.0,2365.9962,2362.6263,2345.6077,255065400.0,0.0,0.0,0.0,0.0,0.0,0.0,0,self,93954000.0,564400,0,2345.6077,2354.55,0
299,299,299,93957000,329,000016.SH,20231201.0,93957107.0,2365.9962,2362.6263,2345.6483,255389700.0,0.0,0.0,0.0,0.0,0.0,0.0,0,self,93957000.0,324300,0,2345.6483,2354.54,0
300,300,300,94000000,330,000016.SH,20231201.0,94000108.0,2365.9962,2362.6263,2345.3084,255906200.0,0.0,0.0,0.0,0.0,0.0,0.0,0,self,94000000.0,516500,0,2345.3084,2354.52,0
301,301,301,94003000,331,000016.SH,20231201.0,94003097.0,2365.9962,2362.6263,2345.1157,256662900.0,0.0,0.0,0.0,0.0,0.0,0.0,0,self,94003000.0,756700,0,2345.1157,2354.5,0
302,302,302,94006000,333,000016.SH,20231201.0,94006132.0,2365.9962,2362.6263,2345.5365,257621900.0,0.0,0.0,0.0,0.0,0.0,0.0,0,self,94006000.0,959000,0,2345.5365,2354.46,0
303,303,303,94009000,334,000016.SH,20231201.0,94009126.0,2365.9962,2362.6263,2346.3401,258598400.0,0.0,0.0,0.0,0.0,0.0,0.0,0,self,94009000.0,976500,0,2346.3401,2354.43,0
304,304,304,94012000,335,000016.SH,20231201.0,94012091.0,2365.9962,2362.6263,2346.1264,260096500.0,0.0,0.0,0.0,0.0,0.0,0.0,0,self,94012000.0,1498100,0,2346.1264,2354.38,0
305,305,305,94015000,336,000016.SH,20231201.0,94015116.0,2365.9962,2362.6263,2345.5723,260776500.0,0.0,0.0,0.0,0.0,0.0,0.0,0,self,94015000.0,680000,0,2345.5723,2354.36,0
306,306,306,94018000,337,000016.SH,20231201.0,94018093.0,2365.9962,2362.6263,2345.819,266759300.0,0.0,0.0,0.0,0.0,0.0,0.0,0,self,94018000.0,5982800,0,2345.819,2354.17,0
307,307,307,94021000,338,000016.SH,20231201.0,94021093.0,2365.9962,2362.6263,2345.7639,267781500.0,0.0,0.0,0.0,0.0,0.0,0.0,0,self,94021000.0,1022200,0,2345.7639,2354.14,0
308,308,308,94024000,339,000016.SH,20231201.0,94024111.0,2365.9962,2362.6263,2346.2547,268675900.0,0.0,0.0,0.0,0.0,0.0,0.0,0,self,94024000.0,894400,0,2346.2547,2354.11,0
309,309,309,94027000,340,000016.SH,20231201.0,94027118.0,2365.9962,2362.6263,2346.3817,270087200.0,0.0,0.0,0.0,0.0,0.0,0.0,0,self,94027000.0,1411300,0,2346.3817,2354.07,0
310,310,310,94030000,341,000016.SH,20231201.0,94030119.0,2365.9962,2362.6263,2346.059,270910100.0,0.0,0.0,0.0,0.0,0.0,0.0,0,self,94030000.0,822900,0,2346.059,2354.05,0
311,311,311,94033000,342,000016.SH,20231201.0,94033088.0,2365.9962,2362.6263,2346.0748,271694700.0,0.0,0.0,0.0,0.0,0.0,0.0,0,self,94033000.0,784600,0,2346.0748,2354.02,0
312,312,312,94036000,344,000016.SH,20231201.0,94036116.0,2365.9962,2362.6263,2346.727,272523800.0,0.0,0.0,0.0,0.0,0.0,0.0,0,self,94036000.0,829100,0,2346.727,2354.0,0
313,313,313,94039000,345,000016.SH,20231201.0,94039110.0,2365.9962,2362.6263,2346.4192,273111600.0,0.0,0.0,0.0,0.0,0.0,0.0,0,self,94039000.0,587800,0,2346.4192,2353.99,0
314,314,314,94042000,346,000016.SH,20231201.0,94042083.0,2365.9962,2362.6263,2346.618,273806700.0,0.0,0.0,0.0,0.0,0.0,0.0,0,self,94042000.0,695100,0,2346.618,2353.97,0
315,315,315,94045000,347,000016.SH,20231201.0,94045110.0,2365.9962,2362.6263,2346.7901,274487700.0,0.0,0.0,0.0,0.0,0.0,0.0,0,self,94045000.0,681000,0,2346.7901,2353.95,0
316,316,316,94048000,348,000016.SH,20231201.0,94048117.0,2365.9962,2362.6263,2346.4092,274967700.0,0.0,0.0,0.0,0.0,0.0,0.0,0,self,94048000.0,480000,0,2346.4092,2353.94,0
317,317,317,94051000,349,000016.SH,20231201.0,94051099.0,2365.9962,2362.6263,2346.7543,276080500.0,0.0,0.0,0.0,0.0,0.0,0.0,0,self,94051000.0,1112800,0,2346.7543,2353.91,0
318,318,318,94054000,350,000016.SH,20231201.0,94054112.0,2365.9962,2362.6263,2347.193,277024100.0,0.0,0.0,0.0,0.0,0.0,0.0,0,self,94054000.0,943600,0,2347.193,2353.88,0
319,319,319,94057000,351,000016.SH,20231201.0,94057111.0,2365.9962,2362.6263,2346.8043,277874800.0,0.0,0.0,0.0,0.0,0.0,0.0,0,self,94057000.0,850700,0,2346.8043,2353.86,0
320,320,320,94100000,352,000016.SH,20231201.0,94100108.0,2365.9962,2362.6263,2346.8123,278579900.0,0.0,0.0,0.0,0.0,0.0,0.0,0,self,94100000.0,705100,0,2346.8123,2353.84,0
321,321,321,94103000,353,000016.SH,20231201.0,94103100.0,2365.9962,2362.6263,2346.6918,279177000.0,0.0,0.0,0.0,0.0,0.0,0.0,0,self,94103000.0,597100,0,2346.6918,2353.83,0
322,322,322,94106000,355,000016.SH,20231201.0,94106095.0,2365.9962,2362.6263,2346.8108,279933000.0,0.0,0.0,0.0,0.0,0.0,0.0,0,self,94106000.0,756000,0,2346.8108,2353.81,0
323,323,323,94109000,356,000016.SH,20231201.0,94109116.0,2365.9962,2362.6263,2346.9871,280887900.0,0.0,0.0,0.0,0.0,0.0,0.0,0,self,94109000.0,954900,0,2346.9871,2353.79,0
324,324,324,94112000,357,000016.SH,20231201.0,94112094.0,2365.9962,2362.6263,2347.4025,281848000.0,0.0,0.0,0.0,0.0,0.0,0.0,0,self,94112000.0,960100,0,2347.4025,2353.77,0
325,325,325,94115000,358,000016.SH,20231201.0,94115118.0,2365.9962,2362.6263,2347.2988,282239900.0,0.0,0.0,0.0,0.0,0.0,0.0,0,self,94115000.0,391900,0,2347.2988,2353.76,0
326,326,326,94118000,359,000016.SH,20231201.0,94118089.0,2365.9962,2362.6263,2347.2141,282684900.0,0.0,0.0,0.0,0.0,0.0,0.0,0,self,94118000.0,445000,0,2347.2141,2353.75,0
327,327,327,94121000,360,000016.SH,20231201.0,94121101.0,2365.9962,2362.6263,2347.4847,283056100.0,0.0,0.0,0.0,0.0,0.0,0.0,0,self,94121000.0,371200,0,2347.4847,2353.74,0
328,328,328,94124000,361,000016.SH,20231201.0,94124111.0,2365.9962,2362.6263,2347.5581,284810000.0,0.0,0.0,0.0,0.0,0.0,0.0,0,self,94124000.0,1753900,0,2347.5581,2353.7,0
329,329,329,94127000,362,000016.SH,20231201.0,94127093.0,2365.9962,2362.6263,2347.4075,285660100.0,0.0,0.0,0.0,0.0,0.0,0.0,0,self,94127000.0,850100,0,2347.4075,2353.68,0
330,330,330,94130000,363,000016.SH,20231201.0,94130097.0,2365.9962,2362.6263,2347.5199,286228200.0,0.0,0.0,0.0,0.0,0.0,0.0,0,self,94130000.0,568100,0,2347.5199,2353.67,0
331,331,331,94133000,364,000016.SH,20231201.0,94133096.0,2365.9962,2362.6263,2347.4886,286863900.0,0.0,0.0,0.0,0.0,0.0,0.0,0,self,94133000.0,635700,0,2347.4886,2353.66,0
332,332,332,94136000,366,000016.SH,20231201.0,94136090.0,2365.9962,2362.6263,2347.6533,287603200.0,0.0,0.0,0.0,0.0,0.0,0.0,0,self,94136000.0,739300,0,2347.6533,2353.64,0
333,333,333,94139000,367,000016.SH,20231201.0,94139099.0,2365.9962,2362.6263,2347.5905,288031900.0,0.0,0.0,0.0,0.0,0.0,0.0,0,self,94139000.0,428700,0,2347.5905,2353.63,0
334,334,334,94142000,368,000016.SH,20231201.0,94142102.0,2365.9962,2362.6263,2347.785,288583400.0,0.0,0.0,0.0,0.0,0.0,0.0,0,self,94142000.0,551500,0,2347.785,2353.62,0
335,335,335,94145000,369,000016.SH,20231201.0,94145122.0,2365.9962,2362.6263,2347.8754,289245000.0,0.0,0.0,0.0,0.0,0.0,0.0,0,self,94145000.0,661600,0,2347.8754,2353.61,0
336,336,336,94148000,370,000016.SH,20231201.0,94148091.0,2365.9962,2362.6263,2348.0362,289728500.0,0.0,0.0,0.0,0.0,0.0,0.0,0,self,94148000.0,483500,0,2348.0362,2353.6,0
337,337,337,94151000,371,000016.SH,20231201.0,94151095.0,2365.9962,2362.6263,2348.341,290593600.0,0.0,0.0,0.0,0.0,0.0,0.0,0,self,94151000.0,865100,0,2348.341,2353.58,0
338,338,338,94154000,372,000016.SH,20231201.0,94154119.0,2365.9962,2362.6263,2348.4802,291449700.0,0.0,0.0,0.0,0.0,0.0,0.0,0,self,94154000.0,856100,0,2348.4802,2353.57,0
339,339,339,94157000,373,000016.SH,20231201.0,94157114.0,2365.9962,2362.6263,2348.4993,292700600.0,0.0,0.0,0.0,0.0,0.0,0.0,0,self,94157000.0,1250900,0,2348.4993,2353.54,0
340,340,340,94200000,374,000016.SH,20231201.0,94200099.0,2365.9962,2362.6263,2348.8589,311287000.0,0.0,0.0,0.0,0.0,0.0,0.0,0,self,94200000.0,18586400,0,2348.8589,2353.27,0
341,341,341,94203000,375,000016.SH,20231201.0,94203103.0,2365.9962,2362.6263,2347.8034,316839100.0,0.0,0.0,0.0,0.0,0.0,0.0,0,self,94203000.0,5552100,0,2347.8034,2353.17,0
342,342,342,94206000,377,000016.SH,20231201.0,94206123.0,2365.9962,2362.6263,2347.2989,317636900.0,0.0,0.0,0.0,0.0,0.0,0.0,0,self,94206000.0,797800,0,2347.2989,2353.15,0
343,343,343,94209000,378,000016.SH,20231201.0,94209117.0,2365.9962,2362.6263,2347.46,318386000.0,0.0,0.0,0.0,0.0,0.0,0.0,0,self,94209000.0,749100,0,2347.46,2353.14,0
344,344,344,94212000,379,000016.SH,20231201.0,94212103.0,2365.9962,2362.6263,2347.4281,318912300.0,0.0,0.0,0.0,0.0,0.0,0.0,0,self,94212000.0,526300,0,2347.4281,2353.13,0
345,345,345,94215000,380,000016.SH,20231201.0,94215107.0,2365.9962,2362.6263,2347.1547,319448400.0,0.0,0.0,0.0,0.0,0.0,0.0,0,self,94215000.0,536100,0,2347.1547,2353.12,0
346,346,346,94218000,381,000016.SH,20231201.0,94218124.0,2365.9962,2362.6263,2347.4258,320388300.0,0.0,0.0,0.0,0.0,0.0,0.0,0,self,94218000.0,939900,0,2347.4258,2353.11,0
347,347,347,94221000,382,000016.SH,20231201.0,94221184.0,2365.9962,2362.6263,2346.715,321148900.0,0.0,0.0,0.0,0.0,0.0,0.0,0,self,94221000.0,760600,0,2346.715,2353.09,0
348,348,348,94224000,383,000016.SH,20231201.0,94224120.0,2365.9962,2362.6263,2346.9557,321757200.0,0.0,0.0,0.0,0.0,0.0,0.0,0,self,94224000.0,608300,0,2346.9557,2353.08,0
349,349,349,94227000,384,000016.SH,20231201.0,94227118.0,2365.9962,2362.6263,2347.0338,322553200.0,0.0,0.0,0.0,0.0,0.0,0.0,0,self,94227000.0,796000,0,2347.0338,2353.06,0
350,350,350,94230000,385,000016.SH,20231201.0,94230121.0,2365.9962,2362.6263,2347.074,323193700.0,0.0,0.0,0.0,0.0,0.0,0.0,0,self,94230000.0,640500,0,2347.074,2353.05,0
351,351,351,94233000,386,000016.SH,20231201.0,94233104.0,2365.9962,2362.6263,2346.9807,323507700.0,0.0,0.0,0.0,0.0,0.0,0.0,0,self,94233000.0,314000,0,2346.9807,2353.05,0
352,352,352,94236000,388,000016.SH,20231201.0,94236115.0,2365.9962,2362.6263,2346.9676,323880900.0,0.0,0.0,0.0,0.0,0.0,0.0,0,self,94236000.0,373200,0,2346.9676,2353.04,0
353,353,353,94239000,389,000016.SH,20231201.0,94239117.0,2365.9962,2362.6263,2346.8785,324414700.0,0.0,0.0,0.0,0.0,0.0,0.0,0,self,94239000.0,533800,0,2346.8785,2353.03,0
354,354,354,94242000,390,000016.SH,20231201.0,94242099.0,2365.9962,2362.6263,2346.7793,325034800.0,0.0,0.0,0.0,0.0,0.0,0.0,0,self,94242000.0,620100,0,2346.7793,2353.02,0
355,355,355,94245000,391,000016.SH,20231201.0,94245124.0,2365.9962,2362.6263,2346.7726,325612000.0,0.0,0.0,0.0,0.0,0.0,0.0,0,self,94245000.0,577200,0,2346.7726,2353.01,0
356,356,356,94248000,392,000016.SH,20231201.0,94248122.0,2365.9962,2362.6263,2346.6947,325993300.0,0.0,0.0,0.0,0.0,0.0,0.0,0,self,94248000.0,381300,0,2346.6947,2353.0,0
357,357,357,94251000,393,000016.SH,20231201.0,94251102.0,2365.9962,2362.6263,2346.7051,326472300.0,0.0,0.0,0.0,0.0,0.0,0.0,0,self,94251000.0,479000,0,2346.7051,2352.99,0
358,358,358,94254000,394,000016.SH,20231201.0,94254124.0,2365.9962,2362.6263,2346.8107,326849400.0,0.0,0.0,0.0,0.0,0.0,0.0,0,self,94254000.0,377100,0,2346.8107,2352.98,0
359,359,359,94257000,395,000016.SH,20231201.0,94257125.0,2365.9962,2362.6263,2347.1044,327663000.0,0.0,0.0,0.0,0.0,0.0,0.0,0,self,94257000.0,813600,0,2347.1044,2352.97,0
360,360,360,94300000,396,000016.SH,20231201.0,94300123.0,2365.9962,2362.6263,2346.5501,328557900.0,0.0,0.0,0.0,0.0,0.0,0.0,0,self,94300000.0,894900,0,2346.5501,2352.95,0
361,361,361,94303000,397,000016.SH,20231201.0,94303106.0,2365.9962,2362.6263,2346.6681,329177200.0,0.0,0.0,0.0,0.0,0.0,0.0,0,self,94303000.0,619300,0,2346.6681,2352.94,0
362,362,362,94306000,399,000016.SH,20231201.0,94306120.0,2365.9962,2362.6263,2346.6548,330106600.0,0.0,0.0,0.0,0.0,0.0,0.0,0,self,94306000.0,929400,0,2346.6548,2352.92,0
363,363,363,94309000,400,000016.SH,20231201.0,94309122.0,2365.9962,2362.6263,2346.1659,330847100.0,0.0,0.0,0.0,0.0,0.0,0.0,0,self,94309000.0,740500,0,2346.1659,2352.91,0
364,364,364,94312000,401,000016.SH,20231201.0,94312120.0,2365.9962,2362.6263,2346.6227,331261100.0,0.0,0.0,0.0,0.0,0.0,0.0,0,self,94312000.0,414000,0,2346.6227,2352.9,0
365,365,365,94315000,402,000016.SH,20231201.0,94315142.0,2365.9962,2362.6263,2346.6364,331668200.0,0.0,0.0,0.0,0.0,0.0,0.0,0,self,94315000.0,407100,0,2346.6364,2352.89,0
366,366,366,94318000,403,000016.SH,20231201.0,94318112.0,2365.9962,2362.6263,2346.3446,332154800.0,0.0,0.0,0.0,0.0,0.0,0.0,0,self,94318000.0,486600,0,2346.3446,2352.88,0
367,367,367,94321000,404,000016.SH,20231201.0,94321120.0,2365.9962,2362.6263,2346.1094,332569400.0,0.0,0.0,0.0,0.0,0.0,0.0,0,self,94321000.0,414600,0,2346.1094,2352.87,0
368,368,368,94324000,405,000016.SH,20231201.0,94324113.0,2365.9962,2362.6263,2346.2303,333126900.0,0.0,0.0,0.0,0.0,0.0,0.0,0,self,94324000.0,557500,0,2346.2303,2352.86,0
369,369,369,94327000,406,000016.SH,20231201.0,94327115.0,2365.9962,2362.6263,2346.0701,333766700.0,0.0,0.0,0.0,0.0,0.0,0.0,0,self,94327000.0,639800,0,2346.0701,2352.85,0
370,370,370,94330000,407,000016.SH,20231201.0,94330118.0,2365.9962,2362.6263,2346.0016,334291200.0,0.0,0.0,0.0,0.0,0.0,0.0,0,self,94330000.0,524500,0,2346.0016,2352.84,0
371,371,371,94333000,408,000016.SH,20231201.0,94333126.0,2365.9962,2362.6263,2346.2135,334921100.0,0.0,0.0,0.0,0.0,0.0,0.0,0,self,94333000.0,629900,0,2346.2135,2352.82,0
372,372,372,94336000,410,000016.SH,20231201.0,94336112.0,2365.9962,2362.6263,2346.093,335414000.0,0.0,0.0,0.0,0.0,0.0,0.0,0,self,94336000.0,492900,0,2346.093,2352.81,0
373,373,373,94339000,411,000016.SH,20231201.0,94339126.0,2365.9962,2362.6263,2345.9764,335909600.0,0.0,0.0,0.0,0.0,0.0,0.0,0,self,94339000.0,495600,0,2345.9764,2352.8,0
374,374,374,94342000,412,000016.SH,20231201.0,94342127.0,2365.9962,2362.6263,2346.2544,336344500.0,0.0,0.0,0.0,0.0,0.0,0.0,0,self,94342000.0,434900,0,2346.2544,2352.8,0
375,375,375,94345000,413,000016.SH,20231201.0,94345108.0,2365.9962,2362.6263,2346.4521,336844500.0,0.0,0.0,0.0,0.0,0.0,0.0,0,self,94345000.0,500000,0,2346.4521,2352.79,0
376,376,376,94348000,414,000016.SH,20231201.0,94348110.0,2365.9962,2362.6263,2346.3496,337438300.0,0.0,0.0,0.0,0.0,0.0,0.0,0,self,94348000.0,593800,0,2346.3496,2352.78,0
377,377,377,94351000,415,000016.SH,20231201.0,94351124.0,2365.9962,2362.6263,2346.5746,337846100.0,0.0,0.0,0.0,0.0,0.0,0.0,0,self,94351000.0,407800,0,2346.5746,2352.77,0
378,378,378,94354000,416,000016.SH,20231201.0,94354110.0,2365.9962,2362.6263,2346.3081,338202800.0,0.0,0.0,0.0,0.0,0.0,0.0,0,self,94354000.0,356700,0,2346.3081,2352.76,0
379,379,379,94357000,417,000016.SH,20231201.0,94357108.0,2365.9962,2362.6263,2345.7337,338809000.0,0.0,0.0,0.0,0.0,0.0,0.0,0,self,94357000.0,606200,0,2345.7337,2352.75,0
380,380,380,94400000,418,000016.SH,20231201.0,94400117.0,2365.9962,2362.6263,2345.9675,339540400.0,0.0,0.0,0.0,0.0,0.0,0.0,0,self,94400000.0,731400,0,2345.9675,2352.73,0
381,381,381,94403000,419,000016.SH,20231201.0,94403122.0,2365.9962,2362.6263,2346.082,340163600.0,0.0,0.0,0.0,0.0,0.0,0.0,0,self,94403000.0,623200,0,2346.082,2352.72,0
382,382,382,94406000,421,000016.SH,20231201.0,94406113.0,2365.9962,2362.6263,2346.0935,340724400.0,0.0,0.0,0.0,0.0,0.0,0.0,0,self,94406000.0,560800,0,2346.0935,2352.71,0
383,383,383,94409000,422,000016.SH,20231201.0,94409109.0,2365.9962,2362.6263,2345.8226,341112200.0,0.0,0.0,0.0,0.0,0.0,0.0,0,self,94409000.0,387800,0,2345.8226,2352.7,0
384,384,384,94412000,423,000016.SH,20231201.0,94412124.0,2365.9962,2362.6263,2345.8978,341564600.0,0.0,0.0,0.0,0.0,0.0,0.0,0,self,94412000.0,452400,0,2345.8978,2352.69,0
385,385,385,94415000,424,000016.SH,20231201.0,94415109.0,2365.9962,2362.6263,2346.0945,342411200.0,0.0,0.0,0.0,0.0,0.0,0.0,0,self,94415000.0,846600,0,2346.0945,2352.68,0
386,386,386,94418000,425,000016.SH,20231201.0,94418112.0,2365.9962,2362.6263,2345.5585,343167900.0,0.0,0.0,0.0,0.0,0.0,0.0,0,self,94418000.0,756700,0,2345.5585,2352.66,0
387,387,387,94421000,426,000016.SH,20231201.0,94421145.0,2365.9962,2362.6263,2345.2381,344503300.0,0.0,0.0,0.0,0.0,0.0,0.0,0,self,94421000.0,1335400,0,2345.2381,2352.63,0
388,388,388,94424000,427,000016.SH,20231201.0,94424114.0,2365.9962,2362.6263,2345.3682,345672800.0,0.0,0.0,0.0,0.0,0.0,0.0,0,self,94424000.0,1169500,0,2345.3682,2352.61,0
389,389,389,94427000,428,000016.SH,20231201.0,94427118.0,2365.9962,2362.6263,2345.5447,346797400.0,0.0,0.0,0.0,0.0,0.0,0.0,0,self,94427000.0,1124600,0,2345.5447,2352.59,0
390,390,390,94430000,429,000016.SH,20231201.0,94430114.0,2365.9962,2362.6263,2345.0997,347474200.0,0.0,0.0,0.0,0.0,0.0,0.0,0,self,94430000.0,676800,0,2345.0997,2352.57,0
391,391,391,94433000,430,000016.SH,20231201.0,94433123.0,2365.9962,2362.6263,2345.0712,348598500.0,0.0,0.0,0.0,0.0,0.0,0.0,0,self,94433000.0,1124300,0,2345.0712,2352.55,0
392,392,392,94436000,432,000016.SH,20231201.0,94436109.0,2365.9962,2362.6263,2345.3428,354686200.0,0.0,0.0,0.0,0.0,0.0,0.0,0,self,94436000.0,6087700,0,2345.3428,2352.42,0
393,393,393,94439000,433,000016.SH,20231201.0,94439112.0,2365.9962,2362.6263,2345.3257,355713800.0,0.0,0.0,0.0,0.0,0.0,0.0,0,self,94439000.0,1027600,0,2345.3257,2352.4,0
394,394,394,94442000,434,000016.SH,20231201.0,94442127.0,2365.9962,2362.6263,2345.5857,356665700.0,0.0,0.0,0.0,0.0,0.0,0.0,0,self,94442000.0,951900,0,2345.5857,2352.38,0
395,395,395,94445000,435,000016.SH,20231201.0,94445117.0,2365.9962,2362.6263,2345.2711,357259200.0,0.0,0.0,0.0,0.0,0.0,0.0,0,self,94445000.0,593500,0,2345.2711,2352.37,0
396,396,396,94448000,436,000016.SH,20231201.0,94448112.0,2365.9962,2362.6263,2345.4938,358045500.0,0.0,0.0,0.0,0.0,0.0,0.0,0,self,94448000.0,786300,0,2345.4938,2352.36,0
397,397,397,94451000,437,000016.SH,20231201.0,94451121.0,2365.9962,2362.6263,2345.4313,358374100.0,0.0,0.0,0.0,0.0,0.0,0.0,0,self,94451000.0,328600,0,2345.4313,2352.35,0
398,398,398,94454000,438,000016.SH,20231201.0,94454108.0,2365.9962,2362.6263,2345.5946,358874500.0,0.0,0.0,0.0,0.0,0.0,0.0,0,self,94454000.0,500400,0,2345.5946,2352.34,0
399,399,399,94457000,439,000016.SH,20231201.0,94457113.0,2365.9962,2362.6263,2345.3681,359287600.0,0.0,0.0,0.0,0.0,0.0,0.0,0,self,94457000.0,413100,0,2345.3681,2352.33,0
400,400,400,94500000,440,000016.SH,20231201.0,94500114.0,2365.9962,2362.6263,2345.4129,360176700.0,0.0,0.0,0.0,0.0,0.0,0.0,0,self,94500000.0,889100,0,2345.4129,2352.32,0
401,401,401,94503000,441,000016.SH,20231201.0,94503124.0,2365.9962,2362.6263,2345.2973,360772200.0,0.0,0.0,0.0,0.0,0.0,0.0,0,self,94503000.0,595500,0,2345.2973,2352.3,0
402,402,402,94506000,443,000016.SH,20231201.0,94506117.0,2365.9962,2362.6263,2347.2994,362772800.0,0.0,0.0,0.0,0.0,0.0,0.0,0,self,94506000.0,2000600,0,2347.2994,2352.28,0
403,403,403,94509000,444,000016.SH,20231201.0,94509114.0,2365.9962,2362.6263,2347.5532,365921700.0,0.0,0.0,0.0,0.0,0.0,0.0,0,self,94509000.0,3148900,0,2347.5532,2352.24,0
404,404,404,94512000,445,000016.SH,20231201.0,94512131.0,2365.9962,2362.6263,2347.5149,367358900.0,0.0,0.0,0.0,0.0,0.0,0.0,0,self,94512000.0,1437200,0,2347.5149,2352.22,0
405,405,405,94515000,446,000016.SH,20231201.0,94515157.0,2365.9962,2362.6263,2347.2345,368378200.0,0.0,0.0,0.0,0.0,0.0,0.0,0,self,94515000.0,1019300,0,2347.2345,2352.2,0
406,406,406,94518000,447,000016.SH,20231201.0,94518114.0,2365.9962,2362.6263,2347.0626,369931700.0,0.0,0.0,0.0,0.0,0.0,0.0,0,self,94518000.0,1553500,0,2347.0626,2352.18,0
407,407,407,94521000,448,000016.SH,20231201.0,94521131.0,2365.9962,2362.6263,2347.0277,371661000.0,0.0,0.0,0.0,0.0,0.0,0.0,0,self,94521000.0,1729300,0,2347.0277,2352.16,0
408,408,408,94524000,449,000016.SH,20231201.0,94524117.0,2365.9962,2362.6263,2346.9573,372769800.0,0.0,0.0,0.0,0.0,0.0,0.0,0,self,94524000.0,1108800,0,2346.9573,2352.14,0
409,409,409,94527000,450,000016.SH,20231201.0,94527110.0,2365.9962,2362.6263,2347.0324,373658200.0,0.0,0.0,0.0,0.0,0.0,0.0,0,self,94527000.0,888400,0,2347.0324,2352.13,0
410,410,410,94530000,451,000016.SH,20231201.0,94530132.0,2365.9962,2362.6263,2347.3781,374116800.0,0.0,0.0,0.0,0.0,0.0,0.0,0,self,94530000.0,458600,0,2347.3781,2352.13,0
411,411,411,94533000,452,000016.SH,20231201.0,94533132.0,2365.9962,2362.6263,2347.5904,374777900.0,0.0,0.0,0.0,0.0,0.0,0.0,0,self,94533000.0,661100,0,2347.5904,2352.12,0
412,412,412,94536000,454,000016.SH,20231201.0,94536136.0,2365.9962,2362.6263,2347.5903,375520500.0,0.0,0.0,0.0,0.0,0.0,0.0,0,self,94536000.0,742600,0,2347.5903,2352.11,0
413,413,413,94539000,455,000016.SH,20231201.0,94539131.0,2365.9962,2362.6263,2347.4196,376222900.0,0.0,0.0,0.0,0.0,0.0,0.0,0,self,94539000.0,702400,0,2347.4196,2352.1,0
414,414,414,94542000,456,000016.SH,20231201.0,94542126.0,2365.9962,2362.6263,2347.7323,376594500.0,0.0,0.0,0.0,0.0,0.0,0.0,0,self,94542000.0,371600,0,2347.7323,2352.1,0
415,415,415,94545000,457,000016.SH,20231201.0,94545116.0,2365.9962,2362.6263,2347.5958,377504600.0,0.0,0.0,0.0,0.0,0.0,0.0,0,self,94545000.0,910100,0,2347.5958,2352.08,0
416,416,416,94548000,458,000016.SH,20231201.0,94548120.0,2365.9962,2362.6263,2347.8278,378199400.0,0.0,0.0,0.0,0.0,0.0,0.0,0,self,94548000.0,694800,0,2347.8278,2352.08,0
417,417,417,94551000,459,000016.SH,20231201.0,94551117.0,2365.9962,2362.6263,2348.0473,379094400.0,0.0,0.0,0.0,0.0,0.0,0.0,0,self,94551000.0,895000,0,2348.0473,2352.07,0
418,418,418,94554000,460,000016.SH,20231201.0,94554117.0,2365.9962,2362.6263,2348.3721,379490200.0,0.0,0.0,0.0,0.0,0.0,0.0,0,self,94554000.0,395800,0,2348.3721,2352.06,0
419,419,419,94557000,461,000016.SH,20231201.0,94557118.0,2365.9962,2362.6263,2348.2455,380090500.0,0.0,0.0,0.0,0.0,0.0,0.0,0,self,94557000.0,600300,0,2348.2455,2352.06,0
420,420,420,94600000,462,000016.SH,20231201.0,94600116.0,2365.9962,2362.6263,2348.5327,380347700.0,0.0,0.0,0.0,0.0,0.0,0.0,0,self,94600000.0,257200,0,2348.5327,2352.05,0
421,421,421,94603000,463,000016.SH,20231201.0,94603126.0,2365.9962,2362.6263,2348.2779,380769900.0,0.0,0.0,0.0,0.0,0.0,0.0,0,self,94603000.0,422200,0,2348.2779,2352.05,0
422,422,422,94606000,465,000016.SH,20231201.0,94606123.0,2365.9962,2362.6263,2348.3124,381367700.0,0.0,0.0,0.0,0.0,0.0,0.0,0,self,94606000.0,597800,0,2348.3124,2352.04,0
423,423,423,94609000,466,000016.SH,20231201.0,94609116.0,2365.9962,2362.6263,2348.057,383887600.0,0.0,0.0,0.0,0.0,0.0,0.0,0,self,94609000.0,2519900,0,2348.057,2352.02,0
424,424,424,94612000,467,000016.SH,20231201.0,94612116.0,2365.9962,2362.6263,2348.013,384369200.0,0.0,0.0,0.0,0.0,0.0,0.0,0,self,94612000.0,481600,0,2348.013,2352.01,0
425,425,425,94615000,468,000016.SH,20231201.0,94615119.0,2365.9962,2362.6263,2348.0978,384717000.0,0.0,0.0,0.0,0.0,0.0,0.0,0,self,94615000.0,347800,0,2348.0978,2352.01,0
426,426,426,94618000,469,000016.SH,20231201.0,94618118.0,2365.9962,2362.6263,2348.2637,385421500.0,0.0,0.0,0.0,0.0,0.0,0.0,0,self,94618000.0,704500,0,2348.2637,2352.0,0
427,427,427,94621000,470,000016.SH,20231201.0,94621119.0,2365.9962,2362.6263,2348.453,385753700.0,0.0,0.0,0.0,0.0,0.0,0.0,0,self,94621000.0,332200,0,2348.453,2352.0,0
428,428,428,94624000,471,000016.SH,20231201.0,94624117.0,2365.9962,2362.6263,2348.278,386676600.0,0.0,0.0,0.0,0.0,0.0,0.0,0,self,94624000.0,922900,0,2348.278,2351.99,0
429,429,429,94627000,472,000016.SH,20231201.0,94627124.0,2365.9962,2362.6263,2348.7026,387601300.0,0.0,0.0,0.0,0.0,0.0,0.0,0,self,94627000.0,924700,0,2348.7026,2351.98,0
430,430,430,94630000,473,000016.SH,20231201.0,94630121.0,2365.9962,2362.6263,2349.399,388914500.0,0.0,0.0,0.0,0.0,0.0,0.0,0,self,94630000.0,1313200,0,2349.399,2351.97,0
431,431,431,94633000,474,000016.SH,20231201.0,94633131.0,2365.9962,2362.6263,2349.0849,390537200.0,0.0,0.0,0.0,0.0,0.0,0.0,0,self,94633000.0,1622700,0,2349.0849,2351.96,0
432,432,432,94636000,476,000016.SH,20231201.0,94636121.0,2365.9962,2362.6263,2349.4985,390858700.0,0.0,0.0,0.0,0.0,0.0,0.0,0,self,94636000.0,321500,0,2349.4985,2351.96,0
433,433,433,94639000,477,000016.SH,20231201.0,94639138.0,2365.9962,2362.6263,2349.2409,391181200.0,0.0,0.0,0.0,0.0,0.0,0.0,0,self,94639000.0,322500,0,2349.2409,2351.96,0
434,434,434,94642000,478,000016.SH,20231201.0,94642142.0,2365.9962,2362.6263,2349.4659,391434100.0,0.0,0.0,0.0,0.0,0.0,0.0,0,self,94642000.0,252900,0,2349.4659,2351.96,0
435,435,435,94645000,479,000016.SH,20231201.0,94645130.0,2365.9962,2362.6263,2349.1551,391718700.0,0.0,0.0,0.0,0.0,0.0,0.0,0,self,94645000.0,284600,0,2349.1551,2351.95,0
436,436,436,94648000,480,000016.SH,20231201.0,94648165.0,2365.9962,2362.6263,2349.1961,392498600.0,0.0,0.0,0.0,0.0,0.0,0.0,0,self,94648000.0,779900,0,2349.1961,2351.95,0
437,437,437,94651000,481,000016.SH,20231201.0,94651138.0,2365.9962,2362.6263,2349.5958,392999600.0,0.0,0.0,0.0,0.0,0.0,0.0,0,self,94651000.0,501000,0,2349.5958,2351.95,0
438,438,438,94654000,482,000016.SH,20231201.0,94654119.0,2365.9962,2362.6263,2349.7023,393421600.0,0.0,0.0,0.0,0.0,0.0,0.0,0,self,94654000.0,422000,0,2349.7023,2351.94,0
439,439,439,94657000,483,000016.SH,20231201.0,94657115.0,2365.9962,2362.6263,2349.6033,393753600.0,0.0,0.0,0.0,0.0,0.0,0.0,0,self,94657000.0,332000,0,2349.6033,2351.94,0
440,440,440,94700000,484,000016.SH,20231201.0,94700115.0,2365.9962,2362.6263,2349.8065,394105800.0,0.0,0.0,0.0,0.0,0.0,0.0,0,self,94700000.0,352200,0,2349.8065,2351.94,0
441,441,441,94703000,485,000016.SH,20231201.0,94703133.0,2365.9962,2362.6263,2349.4508,394870400.0,0.0,0.0,0.0,0.0,0.0,0.0,0,self,94703000.0,764600,0,2349.4508,2351.94,0
442,442,442,94706000,487,000016.SH,20231201.0,94706109.0,2365.9962,2362.6263,2349.9002,395328200.0,0.0,0.0,0.0,0.0,0.0,0.0,0,self,94706000.0,457800,0,2349.9002,2351.93,0
443,443,443,94709000,488,000016.SH,20231201.0,94709110.0,2365.9962,2362.6263,2349.6568,395942200.0,0.0,0.0,0.0,0.0,0.0,0.0,0,self,94709000.0,614000,0,2349.6568,2351.93,0
444,444,444,94712000,489,000016.SH,20231201.0,94712123.0,2365.9962,2362.6263,2349.8945,396176200.0,0.0,0.0,0.0,0.0,0.0,0.0,0,self,94712000.0,234000,0,2349.8945,2351.93,0
445,445,445,94715000,490,000016.SH,20231201.0,94715106.0,2365.9962,2362.6263,2349.61,396956800.0,0.0,0.0,0.0,0.0,0.0,0.0,0,self,94715000.0,780600,0,2349.61,2351.92,0
446,446,446,94718000,491,000016.SH,20231201.0,94718121.0,2365.9962,2362.6263,2349.8769,397657000.0,0.0,0.0,0.0,0.0,0.0,0.0,0,self,94718000.0,700200,0,2349.8769,2351.92,0
447,447,447,94721000,492,000016.SH,20231201.0,94721118.0,2365.9962,2362.6263,2349.7696,398090300.0,0.0,0.0,0.0,0.0,0.0,0.0,0,self,94721000.0,433300,0,2349.7696,2351.92,0
448,448,448,94724000,493,000016.SH,20231201.0,94724114.0,2365.9962,2362.6263,2349.673,398304000.0,0.0,0.0,0.0,0.0,0.0,0.0,0,self,94724000.0,213700,0,2349.673,2351.92,0
449,449,449,94727000,494,000016.SH,20231201.0,94727127.0,2365.9962,2362.6263,2349.779,398517700.0,0.0,0.0,0.0,0.0,0.0,0.0,0,self,94727000.0,213700,0,2349.779,2351.92,0
450,450,450,94730000,495,000016.SH,20231201.0,94730122.0,2365.9962,2362.6263,2349.8366,398838300.0,0.0,0.0,0.0,0.0,0.0,0.0,0,self,94730000.0,320600,0,2349.8366,2351.91,0
451,451,451,94733000,496,000016.SH,20231201.0,94733135.0,2365.9962,2362.6263,2349.5897,399230100.0,0.0,0.0,0.0,0.0,0.0,0.0,0,self,94733000.0,391800,0,2349.5897,2351.91,0
452,452,452,94736000,498,000016.SH,20231201.0,94736118.0,2365.9962,2362.6263,2349.9257,399687100.0,0.0,0.0,0.0,0.0,0.0,0.0,0,self,94736000.0,457000,0,2349.9257,2351.91,0
453,453,453,94739000,499,000016.SH,20231201.0,94739121.0,2365.9962,2362.6263,2349.9776,400080400.0,0.0,0.0,0.0,0.0,0.0,0.0,0,self,94739000.0,393300,0,2349.9776,2351.91,0
454,454,454,94742000,500,000016.SH,20231201.0,94742126.0,2365.9962,2362.6263,2350.0336,400313700.0,0.0,0.0,0.0,0.0,0.0,0.0,0,self,94742000.0,233300,0,2350.0336,2351.91,0
455,455,455,94745000,501,000016.SH,20231201.0,94745153.0,2365.9962,2362.6263,2349.8593,400620000.0,0.0,0.0,0.0,0.0,0.0,0.0,0,self,94745000.0,306300,0,2349.8593,2351.9,0
456,456,456,94748000,502,000016.SH,20231201.0,94748117.0,2365.9962,2362.6263,2349.8323,400834700.0,0.0,0.0,0.0,0.0,0.0,0.0,0,self,94748000.0,214700,0,2349.8323,2351.9,0
457,457,457,94751000,503,000016.SH,20231201.0,94751124.0,2365.9962,2362.6263,2350.0714,401111400.0,0.0,0.0,0.0,0.0,0.0,0.0,0,self,94751000.0,276700,0,2350.0714,2351.9,0
458,458,458,94754000,504,000016.SH,20231201.0,94754106.0,2365.9962,2362.6263,2350.1484,401416500.0,0.0,0.0,0.0,0.0,0.0,0.0,0,self,94754000.0,305100,0,2350.1484,2351.9,0
459,459,459,94757000,505,000016.SH,20231201.0,94757115.0,2365.9962,2362.6263,2350.2181,401645200.0,0.0,0.0,0.0,0.0,0.0,0.0,0,self,94757000.0,228700,0,2350.2181,2351.9,0
460,460,460,94800000,506,000016.SH,20231201.0,94800134.0,2365.9962,2362.6263,2350.219,401859500.0,0.0,0.0,0.0,0.0,0.0,0.0,0,self,94800000.0,214300,0,2350.219,2351.9,0
461,461,461,94803000,507,000016.SH,20231201.0,94803118.0,2365.9962,2362.6263,2349.8811,402152200.0,0.0,0.0,0.0,0.0,0.0,0.0,0,self,94803000.0,292700,0,2349.8811,2351.9,0
462,462,462,94806000,509,000016.SH,20231201.0,94806134.0,2365.9962,2362.6263,2350.1604,402630900.0,0.0,0.0,0.0,0.0,0.0,0.0,0,self,94806000.0,478700,0,2350.1604,2351.9,0
463,463,463,94809000,510,000016.SH,20231201.0,94809132.0,2365.9962,2362.6263,2349.6626,403636800.0,0.0,0.0,0.0,0.0,0.0,0.0,0,self,94809000.0,1005900,0,2349.6626,2351.89,0
464,464,464,94812000,511,000016.SH,20231201.0,94812120.0,2365.9962,2362.6263,2349.0461,404677500.0,0.0,0.0,0.0,0.0,0.0,0.0,0,self,94812000.0,1040700,0,2349.0461,2351.88,0
465,465,465,94815000,512,000016.SH,20231201.0,94815116.0,2365.9962,2362.6263,2348.9446,405478900.0,0.0,0.0,0.0,0.0,0.0,0.0,0,self,94815000.0,801400,0,2348.9446,2351.88,0
466,466,466,94818000,513,000016.SH,20231201.0,94818126.0,2365.9962,2362.6263,2348.8222,406380000.0,0.0,0.0,0.0,0.0,0.0,0.0,0,self,94818000.0,901100,0,2348.8222,2351.87,0
467,467,467,94821000,514,000016.SH,20231201.0,94821134.0,2365.9962,2362.6263,2349.219,406882300.0,0.0,0.0,0.0,0.0,0.0,0.0,0,self,94821000.0,502300,0,2349.219,2351.87,0
468,468,468,94824000,515,000016.SH,20231201.0,94824113.0,2365.9962,2362.6263,2349.0745,407191800.0,0.0,0.0,0.0,0.0,0.0,0.0,0,self,94824000.0,309500,0,2349.0745,2351.86,0
469,469,469,94827000,516,000016.SH,20231201.0,94827134.0,2365.9962,2362.6263,2349.1567,407604400.0,0.0,0.0,0.0,0.0,0.0,0.0,0,self,94827000.0,412600,0,2349.1567,2351.86,0
470,470,470,94830000,517,000016.SH,20231201.0,94830140.0,2365.9962,2362.6263,2349.099,408379600.0,0.0,0.0,0.0,0.0,0.0,0.0,0,self,94830000.0,775200,0,2349.099,2351.86,0
471,471,471,94833000,518,000016.SH,20231201.0,94833124.0,2365.9962,2362.6263,2349.0534,408775000.0,0.0,0.0,0.0,0.0,0.0,0.0,0,self,94833000.0,395400,0,2349.0534,2351.85,0
472,472,472,94836000,520,000016.SH,20231201.0,94836119.0,2365.9962,2362.6263,2348.9086,409308600.0,0.0,0.0,0.0,0.0,0.0,0.0,0,self,94836000.0,533600,0,2348.9086,2351.85,0
473,473,473,94839000,521,000016.SH,20231201.0,94839113.0,2365.9962,2362.6263,2349.1212,409582600.0,0.0,0.0,0.0,0.0,0.0,0.0,0,self,94839000.0,274000,0,2349.1212,2351.85,0
474,474,474,94842000,522,000016.SH,20231201.0,94842127.0,2365.9962,2362.6263,2349.2657,409857100.0,0.0,0.0,0.0,0.0,0.0,0.0,0,self,94842000.0,274500,0,2349.2657,2351.85,0
475,475,475,94845000,523,000016.SH,20231201.0,94845115.0,2365.9962,2362.6263,2349.3495,410014000.0,0.0,0.0,0.0,0.0,0.0,0.0,0,self,94845000.0,156900,0,2349.3495,2351.85,0
476,476,476,94848000,524,000016.SH,20231201.0,94848113.0,2365.9962,2362.6263,2349.565,410423000.0,0.0,0.0,0.0,0.0,0.0,0.0,0,self,94848000.0,409000,0,2349.565,2351.84,0
477,477,477,94851000,525,000016.SH,20231201.0,94851114.0,2365.9962,2362.6263,2349.3893,410792000.0,0.0,0.0,0.0,0.0,0.0,0.0,0,self,94851000.0,369000,0,2349.3893,2351.84,0
478,478,478,94854000,526,000016.SH,20231201.0,94854115.0,2365.9962,2362.6263,2349.5531,412433300.0,0.0,0.0,0.0,0.0,0.0,0.0,0,self,94854000.0,1641300,0,2349.5531,2351.83,0
479,479,479,94857000,527,000016.SH,20231201.0,94857115.0,2365.9962,2362.6263,2349.665,412678100.0,0.0,0.0,0.0,0.0,0.0,0.0,0,self,94857000.0,244800,0,2349.665,2351.83,0
480,480,480,94900000,528,000016.SH,20231201.0,94900116.0,2365.9962,2362.6263,2349.4638,413133900.0,0.0,0.0,0.0,0.0,0.0,0.0,0,self,94900000.0,455800,0,2349.4638,2351.83,0
481,481,481,94903000,529,000016.SH,20231201.0,94903130.0,2365.9962,2362.6263,2349.6823,413635000.0,0.0,0.0,0.0,0.0,0.0,0.0,0,self,94903000.0,501100,0,2349.6823,2351.83,0
482,482,482,94906000,531,000016.SH,20231201.0,94906115.0,2365.9962,2362.6263,2349.9034,414133600.0,0.0,0.0,0.0,0.0,0.0,0.0,0,self,94906000.0,498600,0,2349.9034,2351.82,0
483,483,483,94909000,532,000016.SH,20231201.0,94909118.0,2365.9962,2362.6263,2349.5965,414651300.0,0.0,0.0,0.0,0.0,0.0,0.0,0,self,94909000.0,517700,0,2349.5965,2351.82,0
484,484,484,94912000,533,000016.SH,20231201.0,94912117.0,2365.9962,2362.6263,2349.4902,415119500.0,0.0,0.0,0.0,0.0,0.0,0.0,0,self,94912000.0,468200,0,2349.4902,2351.82,0
485,485,485,94915000,534,000016.SH,20231201.0,94915118.0,2365.9962,2362.6263,2349.4783,415445900.0,0.0,0.0,0.0,0.0,0.0,0.0,0,self,94915000.0,326400,0,2349.4783,2351.82,0
486,486,486,94918000,535,000016.SH,20231201.0,94918131.0,2365.9962,2362.6263,2349.3655,416051100.0,0.0,0.0,0.0,0.0,0.0,0.0,0,self,94918000.0,605200,0,2349.3655,2351.81,0
487,487,487,94921000,536,000016.SH,20231201.0,94921132.0,2365.9962,2362.6263,2349.6198,416854900.0,0.0,0.0,0.0,0.0,0.0,0.0,0,self,94921000.0,803800,0,2349.6198,2351.81,0
488,488,488,94924000,537,000016.SH,20231201.0,94924117.0,2365.9962,2362.6263,2349.4431,417165600.0,0.0,0.0,0.0,0.0,0.0,0.0,0,self,94924000.0,310700,0,2349.4431,2351.81,0
489,489,489,94927000,538,000016.SH,20231201.0,94927132.0,2365.9962,2362.6263,2349.3699,417469500.0,0.0,0.0,0.0,0.0,0.0,0.0,0,self,94927000.0,303900,0,2349.3699,2351.8,0
490,490,490,94930000,539,000016.SH,20231201.0,94930139.0,2365.9962,2362.6263,2349.4194,418374100.0,0.0,0.0,0.0,0.0,0.0,0.0,0,self,94930000.0,904600,0,2349.4194,2351.8,0
491,491,491,94933000,540,000016.SH,20231201.0,94933132.0,2365.9962,2362.6263,2349.1975,419299100.0,0.0,0.0,0.0,0.0,0.0,0.0,0,self,94933000.0,925000,0,2349.1975,2351.79,0
492,492,492,94936000,542,000016.SH,20231201.0,94936132.0,2365.9962,2362.6263,2349.4578,419571900.0,0.0,0.0,0.0,0.0,0.0,0.0,0,self,94936000.0,272800,0,2349.4578,2351.79,0
493,493,493,94939000,543,000016.SH,20231201.0,94939127.0,2365.9962,2362.6263,2349.1041,419946600.0,0.0,0.0,0.0,0.0,0.0,0.0,0,self,94939000.0,374700,0,2349.1041,2351.79,0
494,494,494,94942000,544,000016.SH,20231201.0,94942127.0,2365.9962,2362.6263,2349.1384,420525200.0,0.0,0.0,0.0,0.0,0.0,0.0,0,self,94942000.0,578600,0,2349.1384,2351.79,0
495,495,495,94945000,545,000016.SH,20231201.0,94945114.0,2365.9962,2362.6263,2349.266,421088600.0,0.0,0.0,0.0,0.0,0.0,0.0,0,self,94945000.0,563400,0,2349.266,2351.78,0
496,496,496,94948000,546,000016.SH,20231201.0,94948117.0,2365.9962,2362.6263,2349.4263,421399300.0,0.0,0.0,0.0,0.0,0.0,0.0,0,self,94948000.0,310700,0,2349.4263,2351.78,0
497,497,497,94951000,547,000016.SH,20231201.0,94951128.0,2365.9962,2362.6263,2349.2663,422330400.0,0.0,0.0,0.0,0.0,0.0,0.0,0,self,94951000.0,931100,0,2349.2663,2351.78,0
498,498,498,94954000,548,000016.SH,20231201.0,94954117.0,2365.9962,2362.6263,2348.9357,422605500.0,0.0,0.0,0.0,0.0,0.0,0.0,0,self,94954000.0,275100,0,2348.9357,2351.77,0
499,499,499,94957000,549,000016.SH,20231201.0,94957117.0,2365.9962,2362.6263,2348.5646,422944100.0,0.0,0.0,0.0,0.0,0.0,0.0,0,self,94957000.0,338600,0,2348.5646,2351.77,0
500,500,500,95000000,550,000016.SH,20231201.0,95000134.0,2365.9962,2362.6263,2348.3592,423576700.0,0.0,0.0,0.0,0.0,0.0,0.0,0,self,95000000.0,632600,0,2348.3592,2351.77,0
501,501,501,95003000,551,000016.SH,20231201.0,95003130.0,2365.9962,2362.6263,2348.1533,424954400.0,0.0,0.0,0.0,0.0,0.0,0.0,0,self,95003000.0,1377700,0,2348.1533,2351.75,0
502,502,502,95006000,553,000016.SH,20231201.0,95006148.0,2365.9962,2362.6263,2348.0663,425944100.0,0.0,0.0,0.0,0.0,0.0,0.0,0,self,95006000.0,989700,0,2348.0663,2351.75,0
503,503,503,95009000,554,000016.SH,20231201.0,95009115.0,2365.9962,2362.6263,2347.59,426607100.0,0.0,0.0,0.0,0.0,0.0,0.0,0,self,95009000.0,663000,0,2347.59,2351.74,0
504,504,504,95012000,555,000016.SH,20231201.0,95012127.0,2365.9962,2362.6263,2347.8701,427093500.0,0.0,0.0,0.0,0.0,0.0,0.0,0,self,95012000.0,486400,0,2347.8701,2351.73,0
505,505,505,95015000,556,000016.SH,20231201.0,95015197.0,2365.9962,2362.6263,2347.6501,428284200.0,0.0,0.0,0.0,0.0,0.0,0.0,0,self,95015000.0,1190700,0,2347.6501,2351.72,0
506,506,506,95018000,557,000016.SH,20231201.0,95018128.0,2365.9962,2362.6263,2348.1446,428770000.0,0.0,0.0,0.0,0.0,0.0,0.0,0,self,95018000.0,485800,0,2348.1446,2351.72,0
507,507,507,95021000,558,000016.SH,20231201.0,95021126.0,2365.9962,2362.6263,2348.5406,429371400.0,0.0,0.0,0.0,0.0,0.0,0.0,0,self,95021000.0,601400,0,2348.5406,2351.71,0
508,508,508,95024000,559,000016.SH,20231201.0,95024123.0,2365.9962,2362.6263,2348.4841,429866400.0,0.0,0.0,0.0,0.0,0.0,0.0,0,self,95024000.0,495000,0,2348.4841,2351.71,0
509,509,509,95027000,560,000016.SH,20231201.0,95027139.0,2365.9962,2362.6263,2348.8974,430539200.0,0.0,0.0,0.0,0.0,0.0,0.0,0,self,95027000.0,672800,0,2348.8974,2351.71,0
510,510,510,95030000,561,000016.SH,20231201.0,95030123.0,2365.9962,2362.6263,2349.5211,431055600.0,0.0,0.0,0.0,0.0,0.0,0.0,0,self,95030000.0,516400,0,2349.5211,2351.7,0
511,511,511,95033000,562,000016.SH,20231201.0,95033128.0,2365.9962,2362.6263,2349.1372,431646800.0,0.0,0.0,0.0,0.0,0.0,0.0,0,self,95033000.0,591200,0,2349.1372,2351.7,0
512,512,512,95036000,564,000016.SH,20231201.0,95036122.0,2365.9962,2362.6263,2349.9053,432042400.0,0.0,0.0,0.0,0.0,0.0,0.0,0,self,95036000.0,395600,0,2349.9053,2351.7,0
513,513,513,95039000,565,000016.SH,20231201.0,95039140.0,2365.9962,2362.6263,2349.4621,433378000.0,0.0,0.0,0.0,0.0,0.0,0.0,0,self,95039000.0,1335600,0,2349.4621,2351.69,0
514,514,514,95042000,566,000016.SH,20231201.0,95042130.0,2365.9962,2362.6263,2350.001,434177400.0,0.0,0.0,0.0,0.0,0.0,0.0,0,self,95042000.0,799400,0,2350.001,2351.69,0
515,515,515,95045000,567,000016.SH,20231201.0,95045144.0,2365.9962,2362.6263,2350.523,434721000.0,0.0,0.0,0.0,0.0,0.0,0.0,0,self,95045000.0,543600,0,2350.523,2351.69,0
516,516,516,95048000,568,000016.SH,20231201.0,95048122.0,2365.9962,2362.6263,2350.051,435115700.0,0.0,0.0,0.0,0.0,0.0,0.0,0,self,95048000.0,394700,0,2350.051,2351.69,0
517,517,517,95051000,569,000016.SH,20231201.0,95051117.0,2365.9962,2362.6263,2350.384,435518900.0,0.0,0.0,0.0,0.0,0.0,0.0,0,self,95051000.0,403200,0,2350.384,2351.68,0
518,518,518,95054000,570,000016.SH,20231201.0,95054140.0,2365.9962,2362.6263,2350.5185,436791100.0,0.0,0.0,0.0,0.0,0.0,0.0,0,self,95054000.0,1272200,0,2350.5185,2351.68,0
519,519,519,95057000,571,000016.SH,20231201.0,95057139.0,2365.9962,2362.6263,2350.7438,441065000.0,0.0,0.0,0.0,0.0,0.0,0.0,0,self,95057000.0,4273900,0,2350.7438,2351.67,0
520,520,520,95100000,572,000016.SH,20231201.0,95100145.0,2365.9962,2362.6263,2351.1364,443242300.0,0.0,0.0,0.0,0.0,0.0,0.0,0,self,95100000.0,2177300,0,2351.1364,2351.67,0
521,521,521,95103000,573,000016.SH,20231201.0,95103120.0,2365.9962,2362.6263,2351.1256,449312300.0,0.0,0.0,0.0,0.0,0.0,0.0,0,self,95103000.0,6070000,0,2351.1256,2351.66,0
522,522,522,95106000,575,000016.SH,20231201.0,95106127.0,2365.9962,2362.6263,2351.7231,450248200.0,0.0,0.0,0.0,0.0,0.0,0.0,0,self,95106000.0,935900,0,2351.7231,2351.66,0
523,523,523,95109000,576,000016.SH,20231201.0,95109138.0,2365.9962,2362.6263,2351.6546,450799400.0,0.0,0.0,0.0,0.0,0.0,0.0,0,self,95109000.0,551200,0,2351.6546,2351.66,0
524,524,524,95112000,577,000016.SH,20231201.0,95112127.0,2365.9962,2362.6263,2352.5459,451551800.0,0.0,0.0,0.0,0.0,0.0,0.0,0,self,95112000.0,752400,0,2352.5459,2351.66,0
525,525,525,95115000,578,000016.SH,20231201.0,95115189.0,2365.9962,2362.6263,2352.561,452181100.0,0.0,0.0,0.0,0.0,0.0,0.0,0,self,95115000.0,629300,0,2352.561,2351.67,0
526,526,526,95118000,579,000016.SH,20231201.0,95118124.0,2365.9962,2362.6263,2352.2625,454280200.0,0.0,0.0,0.0,0.0,0.0,0.0,0,self,95118000.0,2099100,0,2352.2625,2351.67,0
527,527,527,95121000,580,000016.SH,20231201.0,95121116.0,2365.9962,2362.6263,2351.6245,454714500.0,0.0,0.0,0.0,0.0,0.0,0.0,0,self,95121000.0,434300,0,2351.6245,2351.67,0
528,528,528,95124000,581,000016.SH,20231201.0,95124138.0,2365.9962,2362.6263,2351.8815,454993600.0,0.0,0.0,0.0,0.0,0.0,0.0,0,self,95124000.0,279100,0,2351.8815,2351.67,0
529,529,529,95127000,582,000016.SH,20231201.0,95127153.0,2365.9962,2362.6263,2351.5255,455323500.0,0.0,0.0,0.0,0.0,0.0,0.0,0,self,95127000.0,329900,0,2351.5255,2351.67,0
530,530,530,95130000,583,000016.SH,20231201.0,95130161.0,2365.9962,2362.6263,2352.7213,456186300.0,0.0,0.0,0.0,0.0,0.0,0.0,0,self,95130000.0,862800,0,2352.7213,2351.67,0
531,531,531,95133000,584,000016.SH,20231201.0,95133145.0,2365.9962,2362.6263,2352.5554,457333900.0,0.0,0.0,0.0,0.0,0.0,0.0,0,self,95133000.0,1147600,0,2352.5554,2351.67,0
532,532,532,95136000,586,000016.SH,20231201.0,95136147.0,2365.9962,2362.6263,2353.0182,457841200.0,0.0,0.0,0.0,0.0,0.0,0.0,0,self,95136000.0,507300,0,2353.0182,2351.67,0
533,533,533,95139000,587,000016.SH,20231201.0,95139154.0,2365.9962,2362.6263,2352.9394,458344200.0,0.0,0.0,0.0,0.0,0.0,0.0,0,self,95139000.0,503000,0,2352.9394,2351.68,0
534,534,534,95142000,588,000016.SH,20231201.0,95142152.0,2365.9962,2362.6263,2352.6644,458581700.0,0.0,0.0,0.0,0.0,0.0,0.0,0,self,95142000.0,237500,0,2352.6644,2351.68,0
535,535,535,95145000,589,000016.SH,20231201.0,95145147.0,2365.9962,2362.6263,2352.819,458748000.0,0.0,0.0,0.0,0.0,0.0,0.0,0,self,95145000.0,166300,0,2352.819,2351.68,0
536,536,536,95148000,590,000016.SH,20231201.0,95148138.0,2365.9962,2362.6263,2352.824,458933700.0,0.0,0.0,0.0,0.0,0.0,0.0,0,self,95148000.0,185700,0,2352.824,2351.68,0
537,537,537,95151000,591,000016.SH,20231201.0,95151146.0,2365.9962,2362.6263,2352.7163,459302400.0,0.0,0.0,0.0,0.0,0.0,0.0,0,self,95151000.0,368700,0,2352.7163,2351.68,0
538,538,538,95154000,592,000016.SH,20231201.0,95154155.0,2365.9962,2362.6263,2352.3363,460028700.0,0.0,0.0,0.0,0.0,0.0,0.0,0,self,95154000.0,726300,0,2352.3363,2351.68,0
539,539,539,95157000,593,000016.SH,20231201.0,95157141.0,2365.9962,2362.6263,2352.2761,460492200.0,0.0,0.0,0.0,0.0,0.0,0.0,0,self,95157000.0,463500,0,2352.2761,2351.68,0
540,540,540,95200000,594,000016.SH,20231201.0,95200150.0,2365.9962,2362.6263,2352.4864,460856100.0,0.0,0.0,0.0,0.0,0.0,0.0,0,self,95200000.0,363900,0,2352.4864,2351.68,0
541,541,541,95203000,595,000016.SH,20231201.0,95203148.0,2365.9962,2362.6263,2352.2998,461587000.0,0.0,0.0,0.0,0.0,0.0,0.0,0,self,95203000.0,730900,0,2352.2998,2351.68,0
542,542,542,95206000,597,000016.SH,20231201.0,95206177.0,2365.9962,2362.6263,2351.9463,462184900.0,0.0,0.0,0.0,0.0,0.0,0.0,0,self,95206000.0,597900,0,2351.9463,2351.68,0
543,543,543,95209000,598,000016.SH,20231201.0,95209177.0,2365.9962,2362.6263,2351.911,462488600.0,0.0,0.0,0.0,0.0,0.0,0.0,0,self,95209000.0,303700,0,2351.911,2351.68,0
544,544,544,95212000,599,000016.SH,20231201.0,95212158.0,2365.9962,2362.6263,2352.1305,464383700.0,0.0,0.0,0.0,0.0,0.0,0.0,0,self,95212000.0,1895100,0,2352.1305,2351.68,0
545,545,545,95215000,600,000016.SH,20231201.0,95215177.0,2365.9962,2362.6263,2352.2954,465939800.0,0.0,0.0,0.0,0.0,0.0,0.0,0,self,95215000.0,1556100,0,2352.2954,2351.68,0
546,546,546,95218000,601,000016.SH,20231201.0,95218152.0,2365.9962,2362.6263,2352.559,466864800.0,0.0,0.0,0.0,0.0,0.0,0.0,0,self,95218000.0,925000,0,2352.559,2351.69,0
547,547,547,95221000,602,000016.SH,20231201.0,95221150.0,2365.9962,2362.6263,2352.5795,467569800.0,0.0,0.0,0.0,0.0,0.0,0.0,0,self,95221000.0,705000,0,2352.5795,2351.69,0
548,548,548,95224000,603,000016.SH,20231201.0,95224189.0,2365.9962,2362.6263,2351.9148,468191300.0,0.0,0.0,0.0,0.0,0.0,0.0,0,self,95224000.0,621500,0,2351.9148,2351.69,0
549,549,549,95227000,604,000016.SH,20231201.0,95227179.0,2365.9962,2362.6263,2352.2162,468567900.0,0.0,0.0,0.0,0.0,0.0,0.0,0,self,95227000.0,376600,0,2352.2162,2351.69,0
550,550,550,95230000,605,000016.SH,20231201.0,95230177.0,2365.9962,2362.6263,2352.4964,468877100.0,0.0,0.0,0.0,0.0,0.0,0.0,0,self,95230000.0,309200,0,2352.4964,2351.69,0
551,551,551,95233000,606,000016.SH,20231201.0,95233153.0,2365.9962,2362.6263,2351.9267,469274000.0,0.0,0.0,0.0,0.0,0.0,0.0,0,self,95233000.0,396900,0,2351.9267,2351.69,0
552,552,552,95236000,608,000016.SH,20231201.0,95236183.0,2365.9962,2362.6263,2352.1539,469798600.0,0.0,0.0,0.0,0.0,0.0,0.0,0,self,95236000.0,524600,0,2352.1539,2351.69,0
553,553,553,95239000,609,000016.SH,20231201.0,95239148.0,2365.9962,2362.6263,2352.1539,470163500.0,0.0,0.0,0.0,0.0,0.0,0.0,0,self,95239000.0,364900,0,2352.1539,2351.69,0
554,554,554,95242000,610,000016.SH,20231201.0,95242149.0,2365.9962,2362.6263,2352.2949,470579100.0,0.0,0.0,0.0,0.0,0.0,0.0,0,self,95242000.0,415600,0,2352.2949,2351.69,0
555,555,555,95245000,611,000016.SH,20231201.0,95245184.0,2365.9962,2362.6263,2351.5998,470860800.0,0.0,0.0,0.0,0.0,0.0,0.0,0,self,95245000.0,281700,0,2351.5998,2351.69,0
556,556,556,95248000,612,000016.SH,20231201.0,95248154.0,2365.9962,2362.6263,2351.541,471390800.0,0.0,0.0,0.0,0.0,0.0,0.0,0,self,95248000.0,530000,0,2351.541,2351.69,0
557,557,557,95251000,613,000016.SH,20231201.0,95251182.0,2365.9962,2362.6263,2351.4997,471954800.0,0.0,0.0,0.0,0.0,0.0,0.0,0,self,95251000.0,564000,0,2351.4997,2351.69,0
558,558,558,95254000,614,000016.SH,20231201.0,95254182.0,2365.9962,2362.6263,2351.5567,472149800.0,0.0,0.0,0.0,0.0,0.0,0.0,0,self,95254000.0,195000,0,2351.5567,2351.69,0
559,559,559,95257000,615,000016.SH,20231201.0,95257190.0,2365.9962,2362.6263,2351.2149,473556200.0,0.0,0.0,0.0,0.0,0.0,0.0,0,self,95257000.0,1406400,0,2351.2149,2351.69,0
560,560,560,95300000,616,000016.SH,20231201.0,95300179.0,2365.9962,2362.6263,2350.8353,476686200.0,0.0,0.0,0.0,0.0,0.0,0.0,0,self,95300000.0,3130000,0,2350.8353,2351.68,0
561,561,561,95303000,617,000016.SH,20231201.0,95303157.0,2365.9962,2362.6263,2351.3053,478174600.0,0.0,0.0,0.0,0.0,0.0,0.0,0,self,95303000.0,1488400,0,2351.3053,2351.68,0
562,562,562,95306000,619,000016.SH,20231201.0,95306191.0,2365.9962,2362.6263,2351.277,478897300.0,0.0,0.0,0.0,0.0,0.0,0.0,0,self,95306000.0,722700,0,2351.277,2351.68,0
563,563,563,95309000,620,000016.SH,20231201.0,95309182.0,2365.9962,2362.6263,2351.0982,479349200.0,0.0,0.0,0.0,0.0,0.0,0.0,0,self,95309000.0,451900,0,2351.0982,2351.68,0
564,564,564,95312000,621,000016.SH,20231201.0,95312160.0,2365.9962,2362.6263,2351.3623,480711100.0,0.0,0.0,0.0,0.0,0.0,0.0,0,self,95312000.0,1361900,0,2351.3623,2351.68,0
565,565,565,95315000,622,000016.SH,20231201.0,95315212.0,2365.9962,2362.6263,2350.8022,481063100.0,0.0,0.0,0.0,0.0,0.0,0.0,0,self,95315000.0,352000,0,2350.8022,2351.68,0
566,566,566,95318000,623,000016.SH,20231201.0,95318219.0,2365.9962,2362.6263,2351.0879,481402600.0,0.0,0.0,0.0,0.0,0.0,0.0,0,self,95318000.0,339500,0,2351.0879,2351.68,0
567,567,567,95321000,624,000016.SH,20231201.0,95321228.0,2365.9962,2362.6263,2351.2824,482150300.0,0.0,0.0,0.0,0.0,0.0,0.0,0,self,95321000.0,747700,0,2351.2824,2351.68,0
568,568,568,95324000,625,000016.SH,20231201.0,95324186.0,2365.9962,2362.6263,2350.7766,482552000.0,0.0,0.0,0.0,0.0,0.0,0.0,0,self,95324000.0,401700,0,2350.7766,2351.68,0
569,569,569,95327000,626,000016.SH,20231201.0,95327156.0,2365.9962,2362.6263,2351.0012,483075200.0,0.0,0.0,0.0,0.0,0.0,0.0,0,self,95327000.0,523200,0,2351.0012,2351.68,0
570,570,570,95330000,627,000016.SH,20231201.0,95330231.0,2365.9962,2362.6263,2350.6981,483874400.0,0.0,0.0,0.0,0.0,0.0,0.0,0,self,95330000.0,799200,0,2350.6981,2351.68,0
571,571,571,95333000,628,000016.SH,20231201.0,95333151.0,2365.9962,2362.6263,2351.044,484607900.0,0.0,0.0,0.0,0.0,0.0,0.0,0,self,95333000.0,733500,0,2351.044,2351.67,0
572,572,572,95336000,630,000016.SH,20231201.0,95336158.0,2365.9962,2362.6263,2351.6296,485995800.0,0.0,0.0,0.0,0.0,0.0,0.0,0,self,95336000.0,1387900,0,2351.6296,2351.67,0
573,573,573,95339000,631,000016.SH,20231201.0,95339155.0,2365.9962,2362.6263,2352.0487,486632200.0,0.0,0.0,0.0,0.0,0.0,0.0,0,self,95339000.0,636400,0,2352.0487,2351.67,0
574,574,574,95342000,632,000016.SH,20231201.0,95342157.0,2365.9962,2362.6263,2352.274,487656800.0,0.0,0.0,0.0,0.0,0.0,0.0,0,self,95342000.0,1024600,0,2352.274,2351.68,0
575,575,575,95345000,633,000016.SH,20231201.0,95345183.0,2365.9962,2362.6263,2352.2413,487931800.0,0.0,0.0,0.0,0.0,0.0,0.0,0,self,95345000.0,275000,0,2352.2413,2351.68,0
576,576,576,95348000,634,000016.SH,20231201.0,95348183.0,2365.9962,2362.6263,2352.033,489545400.0,0.0,0.0,0.0,0.0,0.0,0.0,0,self,95348000.0,1613600,0,2352.033,2351.68,0
577,577,577,95351000,635,000016.SH,20231201.0,95351160.0,2365.9962,2362.6263,2352.3206,489952300.0,0.0,0.0,0.0,0.0,0.0,0.0,0,self,95351000.0,406900,0,2352.3206,2351.68,0
578,578,578,95354000,636,000016.SH,20231201.0,95354183.0,2365.9962,2362.6263,2352.3314,491438400.0,0.0,0.0,0.0,0.0,0.0,0.0,0,self,95354000.0,1486100,0,2352.3314,2351.68,0
579,579,579,95357000,637,000016.SH,20231201.0,95357194.0,2365.9962,2362.6263,2352.4511,517153300.0,0.0,0.0,0.0,0.0,0.0,0.0,0,self,95357000.0,25714900,0,2352.4511,2351.72,0
580,580,580,95400000,638,000016.SH,20231201.0,95400155.0,2365.9962,2362.6263,2352.4193,520990300.0,0.0,0.0,0.0,0.0,0.0,0.0,0,self,95400000.0,3837000,0,2352.4193,2351.72,0
581,581,581,95403000,639,000016.SH,20231201.0,95403167.0,2365.9962,2362.6263,2352.6839,521289100.0,0.0,0.0,0.0,0.0,0.0,0.0,0,self,95403000.0,298800,0,2352.6839,2351.72,0
582,582,582,95406000,641,000016.SH,20231201.0,95406180.0,2365.9962,2362.6263,2352.5426,521778600.0,0.0,0.0,0.0,0.0,0.0,0.0,0,self,95406000.0,489500,0,2352.5426,2351.72,0
583,583,583,95409000,642,000016.SH,20231201.0,95409184.0,2365.9962,2362.6263,2352.4624,522417700.0,0.0,0.0,0.0,0.0,0.0,0.0,0,self,95409000.0,639100,0,2352.4624,2351.73,0
584,584,584,95412000,643,000016.SH,20231201.0,95412160.0,2365.9962,2362.6263,2352.6027,522922700.0,0.0,0.0,0.0,0.0,0.0,0.0,0,self,95412000.0,505000,0,2352.6027,2351.73,0
585,585,585,95415000,644,000016.SH,20231201.0,95415186.0,2365.9962,2362.6263,2352.4586,523382800.0,0.0,0.0,0.0,0.0,0.0,0.0,0,self,95415000.0,460100,0,2352.4586,2351.73,0
586,586,586,95418000,645,000016.SH,20231201.0,95418185.0,2365.9962,2362.6263,2352.3088,523635500.0,0.0,0.0,0.0,0.0,0.0,0.0,0,self,95418000.0,252700,0,2352.3088,2351.73,0
587,587,587,95421000,646,000016.SH,20231201.0,95421192.0,2365.9962,2362.6263,2351.9463,524944200.0,0.0,0.0,0.0,0.0,0.0,0.0,0,self,95421000.0,1308700,0,2351.9463,2351.73,0
588,588,588,95424000,647,000016.SH,20231201.0,95424189.0,2365.9962,2362.6263,2352.2487,525403200.0,0.0,0.0,0.0,0.0,0.0,0.0,0,self,95424000.0,459000,0,2352.2487,2351.73,0
589,589,589,95427000,648,000016.SH,20231201.0,95427180.0,2365.9962,2362.6263,2352.5222,526022500.0,0.0,0.0,0.0,0.0,0.0,0.0,0,self,95427000.0,619300,0,2352.5222,2351.73,0
590,590,590,95430000,649,000016.SH,20231201.0,95430185.0,2365.9962,2362.6263,2352.6165,526332700.0,0.0,0.0,0.0,0.0,0.0,0.0,0,self,95430000.0,310200,0,2352.6165,2351.73,0
591,591,591,95433000,650,000016.SH,20231201.0,95433193.0,2365.9962,2362.6263,2352.5298,527188600.0,0.0,0.0,0.0,0.0,0.0,0.0,0,self,95433000.0,855900,0,2352.5298,2351.73,0
592,592,592,95436000,652,000016.SH,20231201.0,95436165.0,2365.9962,2362.6263,2352.548,528142600.0,0.0,0.0,0.0,0.0,0.0,0.0,0,self,95436000.0,954000,0,2352.548,2351.73,0
593,593,593,95439000,653,000016.SH,20231201.0,95439186.0,2365.9962,2362.6263,2352.2842,528454400.0,0.0,0.0,0.0,0.0,0.0,0.0,0,self,95439000.0,311800,0,2352.2842,2351.73,0
594,594,594,95442000,654,000016.SH,20231201.0,95442185.0,2365.9962,2362.6263,2352.6038,528708900.0,0.0,0.0,0.0,0.0,0.0,0.0,0,self,95442000.0,254500,0,2352.6038,2351.73,0
595,595,595,95445000,655,000016.SH,20231201.0,95445172.0,2365.9962,2362.6263,2352.3992,529192900.0,0.0,0.0,0.0,0.0,0.0,0.0,0,self,95445000.0,484000,0,2352.3992,2351.73,0
596,596,596,95448000,656,000016.SH,20231201.0,95448210.0,2365.9962,2362.6263,2352.2986,529544100.0,0.0,0.0,0.0,0.0,0.0,0.0,0,self,95448000.0,351200,0,2352.2986,2351.73,0
597,597,597,95451000,657,000016.SH,20231201.0,95451206.0,2365.9962,2362.6263,2352.3883,530063700.0,0.0,0.0,0.0,0.0,0.0,0.0,0,self,95451000.0,519600,0,2352.3883,2351.74,0
598,598,598,95454000,658,000016.SH,20231201.0,95454182.0,2365.9962,2362.6263,2352.2128,530341300.0,0.0,0.0,0.0,0.0,0.0,0.0,0,self,95454000.0,277600,0,2352.2128,2351.74,0
